2330 3606
483 183 522 219 H.
554 185 593 219 A.
625 181 756 218 KOCH:
790 179 1083 216 CONlECTANEA
1116 177 1157 213 IN
1187 177 1354 214 POETAS
1384 176 1579 213 LATINUS.
1809 171 1892 212 353

185 295 276 333 dum
315 295 364 333 sit
400 294 519 331 dabit.
578 292 713 331 Restat
754 296 796 329 ut
832 292 1071 333 inveniatur,
1112 287 1202 339 quid
1243 289 1345 326 inter
1380 291 1500 336 plura
1532 292 1569 325 et
1600 288 1707 325 dabit
1743 298 1891 337 ponen-

184 362 276 401 dum
308 362 367 400 sit.
429 359 540 406 Quod
571 358 782 398 Merkelius
820 360 954 410 posuit
989 367 1133 405 royare
1169 355 1451 405 ineptissimam
1491 355 1724 392 seutentiam
1761 354 1891 398 insert,

182 434 225 467 ut
253 431 453 479 Augustus
483 431 622 478 poetae
653 425 803 464 dicatur
834 426 1100 477 permissurus
1130 423 1251 461 ruisse
1282 422 1393 472 plura
1434 422 1548 460 etiam
1589 433 1705 471 quam
1744 422 1893 459 veniam

183 508 346 546 rogare3
378 497 497 534 immo
529 506 607 532 non
637 504 780 543 rogare
817 497 969 531 tantum
1006 491 1274 543 permissurus
1306 494 1409 533 erat,
1444 488 1512 527 sed
1552 489 1714 527 daturus
1744 490 1894 526 veniam

182 563 339 614 quidem
368 566 545 613 rogatam
575 561 647 600 alia
677 572 755 599 non
786 566 933 610 rogata.
977 559 1111 610 Itaque
1142 558 1358 596 certissima
1389 557 1613 594 coniectura
1644 556 1895 595 scribendum

183 635 260 670 est:
296 631 389 669 Cum
411 641 568 680 poenae
598 630 710 668 venia
734 630 859 676 plura
883 627 1108 674 ferenda
1135 625 1283 663 (labit.

240 768 334 804 Fast.
357 771 377 802 2
391 796 399 808 ‚
421 769 484 802 23:
517 766 694 812 Quaeque
715 766 817 811 capit
837 766 947 800 lictor
967 765 1136 800 domibus
1154 763 1385 809 puryamina
1405 764 1518 797 certis

595 834 628 869 T
626 834 759 870 orrida
780 844 863 869 cum
885 834 982 868 mica
999 832 1027 878 s
1024 843 1131 876 arra,
1153 835 1337 866 vocantur
1358 831 1467 865 idem.

295 931 428 975 certis,
461 927 565 979 quod
596 926 643 966 ab
672 927 830 965 Heinsio
861 927 1050 964 reiectum
1082 928 1363 962 revocaverunt
1392 922 1718 961 Mitseherlichius
1750 928 1787 961 et
1809 924 1896 961 Gie-

185 997 326 1047 rigius,
367 995 527 1048 probari
562 996 715 1045 nequit,
757 993 881 1043 quod,
930 997 973 1031 ut
1014 993 1215 1030 verissime
1252 991 1435 1030 Heinsius
1474 991 1643 1034 monuit,
1691 990 1738 1028 de
1783 991 1897 1029 domo

185 1062 374 1102 Flaminia
404 1064 550 1113 agitur,
591 1074 669 1100 non
709 1061 756 1099 de
795 1060 1026 1111 quibusdam
1067 1058 1247 1097 domibus
1284 1071 1362 1096 non
1401 1059 1620 1096 accuratius
1661 1059 1896 1108 significatis.

187 1131 299 1177 Quod
329 1131 511 1170 Heinsius
543 1131 701 1181 scripsit
730 1131 842 1167 tersis
871 1127 1113 1167 reiciendum
1137 1131 1213 1170 est,
1247 1125 1350 1175 quod
1374 1138 1451 1163 non
1473 1130 1602 1163 tersae
1631 1125 1772 1164 domus
1802 1139 1895 1177 pur-

187 1204 348 1249 gantur,
381 1198 449 1237 sed
480 1196 703 1247 tergendae.
753 1195 970 1246 Bergkiana
1002 1196 1227 1233 coniectura
1258 1195 1379 1232 curtis
1408 1192 1552 1231 nullius
1592 1194 1779 1244 exempli,
1821 1206 1897 1244 quo

189 1271 319 1304 curtas
363 1265 498 1303 domos
545 1277 630 1303 esse
675 1263 845 1315 pollutas
890 1262 948 1300 vel
994 1263 1132 1313 impias
1178 1261 1409 1304 doceamur,
1455 1260 1705 1299 similitudine
1753 1263 1899 1306 nititur,

189 1333 469 1372 Merkelianam
501 1338 634 1370 ternus
672 1343 749 1370 non
789 1330 985 1380 intellego.
1049 1330 1260 1380 Scripsisse
1299 1332 1413 1379 poeta
1452 1327 1626 1366 videatur
1657 1332 1903 1376 pmyame‘na

187 1406 315 1450 certa,
348 1400 394 1438 cf.
428 1400 514 1438 fast.
540 1403 577 1444 3,
610 1402 689 1442 333
722 1400 774 1436 da
801 1403 910 1436 certa
936 1399 1116 1446 piamina
1148 1398 1260 1441 clia-il,
1294 1401 1332 1433 et
1363 1399 1399 1439 3,
1424 1398 1504 1438 676
1534 1407 1622 1432 *nam
1645 1402 1783 1434 coeunt
1811 1409 1905 1435 cer—

188 1473 303 1515 taque
331 1467 479 1515 probra
508 1473 678 1511 canunt,
710 1467 784 1504 nisi
821 1477 919 1515 quae
959 1469 1178 1514 sequuntur
1214 1464 1383 1502 Torre'da
1413 1474 1499 1501 cum
1530 1465 1632 1501 mica
1659 1464 1786 1510 farra
1816 1477 1902 1503 sua-

189 1535 305 1573 deant
325 1539 368 1573 ut
388 1533 583 1585 legamus:
611 1535 856 1583 purgamina
886 1538 1048 1579 easta,
1081 1533 1127 1570 cf.
1161 1537 1204 1576 4,
1237 1534 1317 1574 726
1354 1542 1472 1579 saepe
1502 1533 1574 1568 {uli
1605 1534 1729 1579 plena
1757 1532 1904 1578 februa

189 1607 301 1640 casta
326 1612 461 1640 manu.

248 1739 340 1775 Fast.
363 1743 394 1779 2,
415 1741 500 1775 823:
536 1739 609 1775 Ter
629 1743 767 1775 conata
788 1739 890 1785 loqui
913 1743 971 1773 ter
991 1739 1149 1782 destitit,
1172 1747 1343 1783 ausaque
1365 1742 1502 1783 quscrto

627 1807 711 1842 Non
732 1807 859 1842 oeulos
878 1807 960 1841 ideo
981 1806 1133 1841 sustulit
1150 1806 1214 1840 illa
1235 1815 1333 1840 suos.

304 1894 408 1942 ideo,
450 1893 554 1943 quod
591 1893 802 1932 Merkelius
847 1893 1048 1944 praetulit,
1096 1894 1274 1943 ineptum
1321 1898 1398 1936 est,
1448 1893 1528 1930 sive
1564 1893 1903 1943 interpretaberis,

193 1961 434 2005 Lucretiam,
468 1961 572 2010 quod
602 1961 760 2000 tandem
792 1960 899 2010 loqui
930 1973 1021 1999 ausa
1052 1962 1112 2005 sit,
1146 1959 1282 1998 oculos
1311 1972 1390 1998 11011
1418 1959 1637 2004 sustulisse,
1671 1962 1749 1999 sive
1772 1973 1906 2011 quam-

195 2041 310 2079 quam
344 2029 647 2079 exspectandum
679 2029 798 2067 fuerit
829 2041 913 2067 eam
945 2028 1187 2067 sublaturam
1220 2039 1325 2071 esse,
1358 2039 1437 2065 non
1469 2032 1599 2065 tamen
1639 2028 1798 2071 secisse;
1840 2028 1908 2067 sed

195 2109 244 2135 ne
286 2097 386 2135 adeo
429 2096 607 2146 quidem,
651 2096 754 2145 quod
800 2109 888 2135 cum
935 2096 1160 2134 Burmanno
1197 2094 1523 2133 Mitscherlichius
1566 2094 1766 2145 probavit,
1814 2097 1909 2134 ferri

195 2168 344 2216 potest,
377 2176 465 2202 cum
495 2163 670 2214 gradatio
703 2163 774 2202 hac
806 2176 899 2202 voce
931 2163 1143 2213 significata
1174 2175 1246 2201 nec
1279 2164 1479 2200 enuntiato
1510 2163 1689 2212 proximo
1731 2176 1803 2201 nec
1844 2176 1907 2201 vo-

198 2231 308 2270 cibus
340 2243 513 2279 ausaque
540 2236 680 2280 quarto
711 2230 947 2270 admittatur.
1010 2231 1142 2281 Itaque
1175 2243 1263 2268 cum
1295 2230 1428 2268 codice
1458 2229 1656 2268 Ilfeldensi
1688 2236 1726 2269 et
1763 2231 1910 2282 aliquot

197 2298 280 2337 aliis
311 2311 332 2337 a
362 2298 548 2337 Merkelio
579 2298 759 2337 indicatis
791 2298 1041 2337 scribendum
1075 2303 1152 2336 est:
1186 2298 1272 2335 Non
1296 2300 1426 2336 oeulos
1457 2298 1520 2335 ad
1548 2308 1627 2335 eos
1655 2302 1809 2337 sustula
1840 2302 1911 2337 illa

197 2377 295 2403 suos.
357 2366 568 2404 Confirmat
598 2365 697 2404 hanc
728 2367 961 2417 scripturam
984 2366 1311 2415 Hamburgensis,
1346 2366 1457 2403 cuius
1489 2364 1733 2403 collationem
1765 2378 1784 2403 a
1807 2366 1908 2405 Lon-

199 2432 301 2483 golio
334 2433 473 2471 factam
495 2434 535 2471 111
556 2432 790 2472 bibliotheca
813 2434 1009 2472 Bonnensi
1030 2433 1223 2482 indagavit
1239 2432 1479 2471 *Binsfeldius
1503 2432 1601 2482 (vide
1622 2445 1753 2483 progr.
1779 2445 1907 2485 gymn.

200 2500 304 2538 Frid.
338 2499 439 2538 Guil.
474 2500 606 2539 colon.
642 2499 774 2551 1855).
838 2501 1021 2540 Ceterum
1061 2501 1107 2539 ef.
1149 2500 1265 2551 Prop.
1295 2505 1331 2544 1,
1366 2504 1430 2544 15,
1463 2503 1514 2542 37
1553 2504 1590 2537 et
1620 2507 1758 2540 conlra
1794 2512 1911 2549 mags-

201 2579 292 2606 num
323 2573 433 2616 potes
461 2569 528 2606 hos
558 2566 715 2619 (oculos)
746 2570 921 2606 altollere
949 2571 1081 2607 solem.

258 2699 353 2735 Fast.
376 2704 406 2740 2,
428 2701 514 2735 853:
546 2700 746 2742 Fallimur,
768 2711 818 2735 an
840 2701 937 2735 veris
955 2702 1186 2746 praenuntia
1210 2702 1307 2736 venit
1327 2700 1504 2744 hirundo,

639 2767 689 2802 Et
709 2768 836 2802 metuit
857 2777 902 2802 ne
923 2778 999 2813 qua
1020 2777 1130 2803 versa
1151 2773 1331 2803 recurrat
1351 2768 1491 2803 hiems?

550 2833 671 2880 Saepe
693 2838 828 2876 tamen,
850 2834 1010 2878 Procne,
1034 2836 1183 2870 nimium
1199 2846 1434 2882 properasse
1456 2837 1638 2881 quereris,

653 2901 791 2948 Virque
812 2907 874 2936 tuo
901 2902 1042 2937 Tereus
1059 2901 1208 2948 frigore
1229 2904 1352 2939 laetus
1373 2905 1456 2939 erit.

320 2990 447 3029 Verba
474 2995 512 3028 et
540 2991 670 3027 meluit
689 2990 824 3027 vitiosa
846 2993 938 3027 sunt
959 3002 1045 3027 cum
1076 2994 1305 3040 propterea,
1340 2990 1442 3040 quod
1466 2990 1590 3039 quivis
1612 2989 1715 3025 videt
1736 2988 1912 3027 hirundi-

210 3067 301 3094 nem
324 3068 407 3094 eam
427 3058 550 3107 ipsam
573 3053 722 3095 reditus
745 3068 900 3095 causam
924 3055 1081 3098 habere,
1108 3057 1211 3106 quod
1232 3057 1357 3096 hiems
1381 3070 1430 3096 ne
1452 3061 1630 3095 recurrat
1654 3068 1728 3093 non
1754 3061 1913 3101 metuat,

212 3127 294 3160 tum
326 3123 427 3172 quod
458 3123 647 3174 particula
677 3128 805 3161 lamen
837 3136 925 3161 cum
955 3128 1037 3161 toto
1059 3125 1236 3174 proximo
1269 3126 1468 3163 enuntiato
1501 3123 1658 3161 vocibus
1689 3122 1763 3160 illis
1786 3129 1913 3161 reten-

213 3190 263 3227 tis
294 3191 397 3228 omni
427 3192 577 3229 ratione
609 3191 846 3229 destituitur.
912 3191 1043 3240 ltaque
1073 3191 1310 3230 scribemus:
1344 3192 1437 3229 Nee
1467 3193 1610 3227 meluit.

1598 3262 1648 3299 23
