2330 3606
413 173 493 214 140
703 177 737 211 C.
769 177 1068 215 WACHSMVTII:
1098 178 1150 215 DE
1180 179 1205 214 F
1210 177 1390 214 ONTIBVS
1420 179 1475 214 Ex
1506 179 1655 223 QVIBVS
1685 180 1832 217 SVIDAS

412 288 510 326 addo
540 288 708 327 indicem
738 293 943 340 poetarum
975 290 1190 328 carminum
1222 290 1511 329 cinaedicorum
1535 292 1600 341 qui
1633 304 1719 330 eum
1753 293 1920 343 optimae
1944 299 2002 331 est
2023 306 2112 332 aue-

411 357 576 395 toritatis
616 362 695 395 tum
733 357 817 408 ipse
849 358 1038 408 temporis
1077 358 1253 396 ordinem
1286 358 1476 397 excedere
1506 371 1585 397 non
1625 358 1823 409 videtui-⁵)
1858 373 1886 399 s.
1918 373 1948 400 v.
1981 358 2115 400 CwTo't-

410 426 482 472 δης
504 455 511 462 .
535 455 542 463 .
564 422 767 474 ἐχρήςατο
790 424 835 464 δὲ
858 427 917 478 τῷ
940 423 1038 465 εἴδει
1061 424 1198 479 τούτῳ
1222 423 1454 477 (κιναίδων)
1483 425 1547 465 καὶ
1575 425 1847 477 Ἀλέξανδρος
1879 427 1902 468 ὁ
1930 426 2114 468 Αἰτωλὸς

408 490 472 531 καὶ
491 490 663 542 Πύρρος
685 491 708 532 ὁ
733 490 931 541 Μιλήςιος
955 491 1020 532 καὶ
1043 492 1270 543 Θεοδωρας
1291 492 1356 532 καὶ
1378 492 1654 543 Τιμοχαρίδας
1675 494 1740 534 καὶ
1763 494 1991 546 Ξέναρχος.

520 560 681 600 Gravior
718 560 807 599 dein
847 562 971 600 oritur
1018 563 1212 611 quaestio,
1261 560 1403 611 quihus
1447 563 1569 613 copiis
1614 564 1829 602 instructus
1874 564 2113 615 provinciam

407 640 515 667 suam
556 628 884 668 administraverit
914 628 1141 681 Hesychius.
1192 640 1266 679 qua
1303 631 1342 668 in
1374 642 1417 668 re
1456 635 1759 670 consentaneum
1800 636 1876 676 est,
1910 644 1997 671 eum
2035 645 2113 671 non

408 695 593 735 evolvisse
625 696 758 736 silvam
791 698 1161 736 eoinmentarioriun
1200 697 1247 735 de
1278 697 1441 748 singulis
1480 697 1698 737 litterarum
1736 698 1948 749 generibus
1990 704 2027 738 et
2067 699 2114 738 de

407 764 568 814 singulis
610 765 724 804 etiam
772 765 993 804 clarissimis
1039 764 1297 816 scriptoribus
1344 767 1650 817 compositorum
1697 767 1763 804 sed
1809 767 1948 806 adiisse
1984 768 2114 818 potius

408 832 604 882 generalia
637 832 848 871 enchiridia
882 832 1101 871 litterarum
1127 833 1364 872 Graecarum
1392 833 1518 884 qualia
1551 835 1724 873 extitisse
1746 834 1929 874 nonnulla
1953 836 2109 873 seimus.

406 912 543 938 eorum
576 906 705 939 autem
738 913 835 951 quae
866 901 913 939 ab
946 901 1137 953 Ilesyehio
1168 914 1304 940 revera
1344 901 1509 940 adhibita
1543 903 1620 940 sint
1662 907 1702 940 ut
1732 902 1955 953 indagetur,
1995 904 2113 941 unitis

405 973 442 1006 et
473 970 665 1007 contentis
698 969 844 1007 viribus
877 974 935 1007 est
966 969 1221 1013 studendum,
1256 982 1343 1007 eum
1374 971 1413 1008 in
1446 982 1488 1008 ea
1519 983 1563 1008 re
1595 970 1711 1008 cardo
1735 971 1852 1009 totius
1874 971 2112 1021 quaestionis

403 1041 594 1075 versetur.
667 1041 704 1075 et
742 1036 812 1076 alia
853 1037 1009 1086 quidem
1049 1037 1112 1076 alii
1150 1039 1368 1076 invenient:
1417 1050 1538 1076 unum
1578 1038 1828 1088 procedendo
1873 1039 2005 1089 priore
2048 1037 2112 1076 illa

404 1116 518 1154 quam
551 1116 668 1155 supra
700 1105 910 1154 significavi
942 1106 1000 1143 via
1030 1105 1256 1155 inquirendi
1286 1106 1325 1143 in
1357 1106 1484 1143 sontes
1507 1105 1648 1144 Suidae
1678 1107 1752 1144 iam
1785 1118 1804 1144 a
1827 1118 1889 1145 nie
1910 1110 2110 1157 repertum

404 1184 488 1211 esse
519 1172 612 1210 1111111
644 1174 840 1223 persuasi,
874 1172 957 1211 aliis
987 1173 1227 1224 persuadere
1258 1174 1334 1211 iam
1367 1173 1549 1212 conabor.

513 1240 755 1279 l‘eeuliarem
787 1240 860 1279 sibi
891 1241 1083 1290 quendam
1118 1246 1155 1279 et
1186 1242 1377 1292 optimum
1409 1246 1609 1279 auctorem
1640 1241 1836 1279 vindicant
1867 1242 2109 1280 narrationes

401 1308 503 1346 haud
544 1308 707 1358 volgaris
748 1308 948 1347 doetrinae
988 1309 1035 1347 de
1074 1310 1159 1347 vitis
1197 1321 1453 1348 servorum
1494 1308 1850 1347 libertorumve
1891 1310 1938 1348 in
1974 1309 2109 1348 litte-

401 1377 467 1414 ris
499 1375 764 1423 clarorum7
796 1389 960 1427 quarum
994 1376 1278 1428 amplissimum
1311 1389 1401 1415 ecee
1433 1381 1708 1427 conspectum:

429 1456 456 1482 s.
493 1456 524 1482 v,
564 1443 761 1494 Ἅβρων.
785 1443 1001 1492 ,γεγονὼς
1022 1443 1064 1484 δ’
1087 1443 1131 1484 ἐκ
1156 1443 1347 1491 δούλων,
1379 1442 1444 1483 ὥς
1474 1456 1628 1494 φηςιν
1650 1443 1941 1494 Ἕρμιππος.

429 1524 456 1549 s.
491 1524 523 1550 v,
563 1509 751 1561 Αἰςχίνης
773 1512 989 1562 Ἀθηναῖος
1013 1511 1151 1562 ῥήτωρ
1173 1511 1262 1552 υἱὸς
1286 1510 1539 1562 Ἀτρομήτου
1562 1543 1569 1551 .
1594 1543 1600 1550 .
1622 1511 1755 1552 τινὲς
1777 1512 1822 1552 δὲ
1842 1510 1906 1551 καὶ
1929 1510 2110 1552 δούλους

566 1578 664 1619 τοὺς
684 1580 825 1627 γονεῖς
847 1578 977 1620 αὐτοῦ
997 1579 1317 1630 γεγραφήκαςιν.

427 1660 455 1685 s.
490 1659 521 1685 v.
562 1645 755 1687 Αἴςωπος
777 1646 1033 1697 Μιθριδάτου
1057 1646 1337 1697 ἀναγνώςτης.

427 1727 456 1753 s.
491 1728 521 1754 ι’.
563 1713 756 1755 Αἴςωπος
778 1714 927 1764 (άμιος
949 1748 956 1755 .
979 1748 986 1755 .
1019 1714 1180 1765 οἰκέτην
1215 1716 1260 1756 δὲ
1289 1715 1478 1763 γενέςθαι
1505 1714 1676 1755 Ξάνθου
1697 1716 1772 1755 τοῦ
1798 1713 1955 1756 Λυδοῦ·
1989 1713 2110 1755 ἄλλοι

565 1781 719 1832 ἀνδρός
740 1796 854 1824 τινος
877 1782 1028 1833 (αμῐου
1051 1783 1283 1833 Ἰάδμονος,
1306 1781 1357 1823 οὗ
1379 1796 1491 1824 τινος
1517 1783 1581 1823 καὶ
1601 1782 1624 1832 ἡ
1650 1782 1856 1822 Ῥοδῶπις
1883 1782 2013 1833 δούλη
2044 1781 2107 1832 ἦν,

563 1850 614 1900 ἣν
641 1850 805 1901 ἑταίραν
826 1851 1059 1901 γενομένην
1083 1851 1273 1904 Θρᾷςςαν
1302 1850 1350 1891 τὸ
1377 1851 1502 1899 γένος
1526 1850 1713 1901 Χάραξος
1744 1850 1767 1890 ὁ
1790 1849 1977 1901 ἀδελφὸς
2002 1849 2108 1891 (απ-

564 1920 675 1969 φοῡς
697 1918 819 1969 ἔλαβε
843 1920 1020 1967 γυναῖκα
1043 1919 1107 1959 καὶ
1133 1918 1175 1960 ἐξ
1197 1919 1323 1969 αὐτῆς
1348 1921 1488 1971 γεννᾷ.

425 2000 453 2025 s.
488 2000 519 2025 v.
562 1986 834 2037 Ἀλέξανδρος
864 1986 887 2027 ὁ
918 1986 1117 2037 Μιλήςιος
1157 1986 1204 2027 ὃς
1231 1986 1479 2037 Πολυίςτωρ
1515 1986 1718 2036 ἐπεκλήθη
1756 1986 1820 2026 καὶ
1860 1985 2106 2036 Κορνήλιος·

563 2053 667 2094 διότι
691 2053 905 2108 Κορνηλίῳ
929 2054 1153 2107 Λεντούλω
1176 2054 1509 2105 αἰχμαλωτιςθεὶς
1542 2054 1701 2104 ἐπράθη
1725 2054 1789 2094 καὶ
1820 2053 1933 2108 αὐτῷ
1964 2056 2107 2094 παιδα-

562 2121 702 2170 γωγὸς
724 2122 911 2170 ἐγένετο·
934 2122 1023 2163 εἶτα
1044 2122 1321 2173 ἠλευθερώθη.

424 2203 452 2227 s.
488 2203 519 2228 v.
563 2190 737 2239 Ἀλκμὰν
760 2223 767 2230 .
790 2223 797 2229 .
822 2189 906 2230 ἀπὸ
929 2190 1103 2231 οἰκετῶν
1125 2190 1170 2231 δέ
1188 2191 1229 2242 ⁶).

423 2271 451 2295 s.
486 2270 517 2296 v.
559 2257 801 2307 Ἀντίμαχος
827 2257 1104 2309 Κολοφώνιος
1127 2290 1135 2297 .
1159 2289 1166 2296 .
1189 2258 1326 2299 τινὲς
1348 2258 1393 2298 δὲ
1424 2258 1488 2297 καὶ
1511 2257 1673 2307 οἰκέτην
1703 2257 1833 2297 αὐτὸν
1858 2256 2104 2308 ἀνέγραψαν

561 2324 825 2366 Πανυαςίδος
848 2328 924 2366 τοῦ
943 2327 1120 2376 ποιητοῦ
1142 2325 1253 2367 πάνυ
1276 2325 1547 2376 ψευςάμενοι·
1578 2324 1629 2375 ἦν
1650 2324 1730 2375 γὰρ
1752 2324 1881 2365 αὐτοῦ
1904 2324 2105 2375 ἀκουςτής

561 2392 625 2432 καὶ
646 2392 958 2444 Ετηςιμβρότου.

499 2473 516 2498 ’.
558 2460 806 2511 Ἀντιφάνης
828 2461 1122 2512 Δημοφάνους
1146 2494 1153 2501 .
1176 2495 1182 2501 .
1210 2461 1294 2502 ἀπὸ
1317 2460 1507 2510 δούλων,
1536 2459 1593 2501 ὥς
1614 2473 1760 2501 τινες.

560 2526 714 2568 Ἀπίων
739 2527 761 2568 ὁ
782 2528 1080 2570 Πλειςτονίκου
1106 2562 1112 2569 .
1136 2562 1143 2569 .
1167 2529 1358 2579 Διδύμου
1380 2531 1456 2570 τοῦ
1477 2527 1660 2578 μεγάλου
1682 2526 1858 2578 θρεπτός
1876 2525 1916 2577 ⁷).

500 2608 516 2633 ·.
559 2594 842 2645 Ἀριςτογένης
867 2596 1027 2637 Κνίδιος
1050 2596 1187 2647 ἰατρὸς
1210 2598 1365 2637 δοῦλος
1388 2595 1630 2647 Χρυςίππου
1651 2597 1726 2635 τοῦ
1747 2594 1997 2645 φιλοςόφου.

499 2676 516 2700 a
558 2662 857 2713 Ἀριςτοφάνης
879 2696 886 2703 .
912 2696 918 2703 .
941 2665 1076 2705 τινὲς
1098 2665 1143 2705 δὲ
1165 2664 1295 2705 αὐτὸν
1316 2664 1381 2704 καὶ
1409 2663 1654 2704 ἀπόδουλον
1675 2662 1942 2713 ἱςτορήκαςιν.

484 2473 499 2699 Ακρφί

483 2831 510 2873 ³)
538 2832 644 2863 nimis
670 2832 832 2864 lubricae
864 2836 946 2864 sunt
978 2834 1198 2874 suspitiones
1232 2845 1253 2866 a
1278 2833 1461 2865 Meinekio
1490 2833 1585 2864 anal.
1613 2832 1713 2863 Alex.
1747 2843 1780 2874 p.
1808 2831 1872 2863 24ss
1897 2830 1940 2861 de
1966 2831 2101 2871 Pyrrho

395 2879 431 2908 et
455 2877 647 2909 Theodora
672 2877 848 2919 prolatae.
1590 2892 1593 2895 ·

482 2933 509 2974 ⁶)
538 2934 580 2965 de
607 2932 879 2974 significatione
906 2934 1102 2966 dictionum
1129 2934 1204 2966 ἀπὸ
1228 2933 1398 2975 οἰκετῶν,
1425 2933 1500 2967 ἀπὸ
1525 2933 1685 2973 δούλων,
1713 2931 1919 2965 ἀπόδουλος
1945 2931 1983 2972 (i.
2004 2942 2033 2965 e.
2059 2931 2101 2963 li-

392 2977 531 3020 bertus)
554 2979 598 3010 ef.
622 2979 833 3010 Perizonius
858 2980 894 3010 111
920 2979 1063 3011 Aeliun.
1088 2980 1159 3011 XII
1179 2982 1237 3016 50,
1265 2982 1440 3011 Kusterus
1463 2980 1507 3011 ad
1528 2991 1560 3011 v.
1586 2978 1789 3019 Ἰάμβλιχος.
1810 2994 1852 2998 —
1874 2978 2033 3007 ceterum
2057 2977 2100 3009 de

392 3024 541 3055 servitio
567 3023 752 3055 Alc-manis
779 3024 860 3056 vide
888 3024 1095 3055 Heraclidis
1122 3026 1263 3057 l'ontiei
1296 3026 1396 3067 polit.
1432 3027 1464 3056 11
1490 3027 1508 3056 2
1534 3023 1719 3064 (Muelleri
1753 3022 1822 3062 frg.
1854 3020 1936 3052 hist.
1971 3021 2030 3053 Gr.
2067 3023 2100 3054 ΙΙ

392 3080 426 3109 11.
456 3068 535 3109 210)
562 3070 807 3100 narrationem
834 3073 979 3111 praeter
997 3070 1156 3101 ordinem
1178 3071 1376 3102 adiectam:
1404 3069 1424 3102 ὁ
1449 3069 1487 3101 δὲ
1507 3068 1667 3109 Ἀλκμὰν
1685 3065 1828 3107 οἰκέτη(
1852 3064 1901 3105 ἦν
1922 3065 2100 3108 Ἀγηείδα,

393 3112 535 3153 εὐφυὴς
561 3113 592 3144 δ’
618 3112 672 3144 ὢν
697 3112 936 3155 ἠλευθερώθη
963 3114 1020 3145 καὶ
1047 3114 1201 3155 ποιητὴς
1220 3115 1348 3156 ἀπέβη,
1375 3116 1434 3147 ubi
1460 3125 1588 3146 nomen
1605 3112 1786 3155 Agesidae
1813 3121 1834 3142 a
1852 3111 2100 3154 Bernhardyio

394 3162 461 3197 (ην.
481 3159 563 3190 Lill.
591 3159 623 3189 II
653 3160 667 3189 1
695 3162 797 3200 p.57o
824 3159 908 3193 edit.
936 3159 1013 3199 alt.)
1042 3164 1255 3201 temptatum
1282 3164 1428 3192 tuentur
1454 3160 1587 3191 11111111111
1612 3157 1802 3189 Rhodiaci.

482 3213 509 3253 ⁷)
537 3214 579 3245 de
605 3217 787 3256 potestate
814 3216 916 3247 vobis
942 3214 1101 3257 θρεπτὸ(
1127 3216 1208 3248 vide
1234 3217 1282 3250 M.
1309 3216 1546 3248 Schmidtium
1569 3213 1715 3254 Didymi
1741 3214 1841 3254 srgm.
1866 3223 1900 3254 p.
1927 3215 1957 3246 7.
