2330 3606
413 154 495 195 352
732 159 770 194 ΙΙ.
801 160 837 194 Α.
869 158 1001 194 Kocu:
1033 158 1331 195 CONIECTANEA
1362 160 1402 195 IN
1430 159 1598 197 POETAS
1620 160 1815 197 LATINOS.

471 272 578 307 Trist.
599 274 638 311 5,
663 273 700 312 1,
723 274 788 306 65;
821 272 880 307 Da
904 273 1048 307 veniam
1065 274 1205 319 potius,
1228 253 1285 308 ve}
1305 277 1398 308 totos
1421 274 1506 308 tolle
1527 274 1680 317 libello-9,

897 339 939 375 Si
959 340 1049 375 mihi
1068 342 1169 386 quod
1185 342 1352 386 prodest,
1375 341 1444 376 hoc
1467 342 1547 383 tibi,
1571 342 1707 385 lector,
1730 343 1843 378 obest.

524 427 739 466 Dicendum
764 434 857 472 erat,
892 429 1003 467 cuius
1033 430 1092 467 rei
1122 430 1274 467 veniam
1305 434 1459 479 peteret
1487 434 1617 480 poeta,
1652 429 1755 479 quod
1785 431 1824 468 iu
1855 431 2046 481 proximis
2067 430 2124 468 ni-

411 494 463 532 hil
497 501 554 533 est
586 507 662 545 quo
694 497 805 535 venia
837 496 900 534 illa
931 498 1146 547 pertineat,
1191 498 1355 546 eiusque
1387 498 1445 535 rei
1476 498 1676 535 notionem
1706 497 1910 549 probabile
1943 503 2002 536 est
2033 510 2125 536 voce

407 565 536 611 polius
567 563 827 602 oblitteratam
861 576 966 608 esse,
1002 565 1206 614 quoniam,
1240 577 1329 602 cum
1360 564 1459 603 duae
1492 566 1707 604 sententiae
1738 565 1940 616 particulis
1973 572 2041 603 aul
2070 568 2128 603 νεῖ

411 630 604 669 similibus
643 632 781 682 positis
817 633 867 670 ita
905 632 1007 670 inter
1047 645 1088 671 se
1125 633 1372 677 reseruntur,
1413 638 1455 671 ut
1495 634 1684 671 enuntiati
1724 633 2002 672 condicionalis
2043 634 2125 671 vice

411 699 635 748 fungantur,
671 700 754 737 eius
780 699 885 737 modi
907 699 1212 739 addital‘nentum
1245 713 1411 751 prorsus
1442 701 1671 739 inusitatum
1697 706 1767 739 est..
1820 701 1954 751 Itaque
1977 701 2123 739 scribe-

410 778 515 804 mus:
549 767 610 805 Da
642 769 794 806 veniam
826 774 1025 815 queslus
1054 771 1114 807 vel
1142 773 1236 807 totos
1267 771 1354 807 tolle
1385 769 1543 807 libellos.

465 871 570 906 Trist.
592 874 630 911 5,
653 874 691 911 7,
713 873 776 907 61:
809 872 864 907 Ne
886 876 1010 907 tamen
1033 872 1224 908 Ausoniae
1239 874 1403 918 perdam
1425 875 1652 909 commercia
1671 875 1823 920 linquae

898 940 949 975 Et
966 941 1035 986 fiat
1052 942 1181 987 patrio
1203 952 1277 977 vox
1297 952 1379 976 mccc
1400 946 1504 976 muta
1525 951 1627 978 sono.

520 1038 647 1065 vocem
687 1032 833 1066 mulam
873 1029 998 1078 quivis
1036 1028 1248 1080 intellegit;
1290 1041 1366 1067 rosc
1403 1040 1496 1068 sono
1533 1034 1639 1069 mula
1679 1042 1699 1069 a
1739 1041 1815 1079 quo
1855 1029 1955 1068 dicta
1987 1030 2036 1067 sit
2066 1027 2125 1067 vel

409 1106 524 1144 quam
557 1096 715 1134 omnino
748 1096 1021 1135 defensionem
1052 1097 1229 1137 admittat
1258 1098 1403 1136 nescio.
1468 1096 1729 1136 Seribendum
1763 1102 1840 1136 est:
1874 1098 1925 1135 Et
1950 1099 2025 1144 fiat
2042 1108 2126 1146 pa-

407 1166 481 1201 {rio
511 1174 585 1201 voa:
608 1175 695 1202 mea
725 1165 856 1201 nuda
884 1176 993 1209 80er-
1021 1165 1067 1203 cs.
1102 1165 1169 1203 Ov.
1203 1171 1294 1203 met.
1328 1168 1391 1209 12,
1425 1168 1505 1207 512
1543 1177 1745 1215 parvoque
1774 1168 1812 1204 2⁸72
1843 1170 2016 1214 tempore
2046 1176 2126 1202 nu—

407 1232 480 1269 dus
505 1232 665 1270 Arbore's
698 1232 840 1281 Ollerys
869 1237 967 1279 erat,
996 1238 1034 1271 et
1064 1234 1174 1271 nucis
1207 1237 1283 1275 101
1313 1233 1424 1280 soliis
1461 1239 1503 1271 ul
1531 1235 1641 1272 meda
1672 1235 1881 1272 cacumina
1910 1234 2026 1278 vidit:
2055 1232 2122 1271 Sil.

407 1298 486 1338 Ital.
521 1303 558 1343 4,
593 1302 672 1341 606
710 1306 869 1338 morlem
893 1301 1033 1347 famae
1058 1302 1230 1347 malam,-
1262 1306 1325 1346 14,
1360 1304 1440 1344 342
1475 1303 1604 1340 nudus
1628 1313 1755 1351 opum.

462 1415 569 1451 Trist.
591 1418 622 1455 5,
645 1418 677 1461 S,
702 1418 761 1451 19:
794 1416 871 1452 Nos
891 1427 1038 1463 quoque
1057 1418 1276 1463 floruimus,
1299 1419 1368 1453 sed
1384 1419 1455 1464 flos
1475 1422 1560 1454 erat
1579 1419 1638 1454 ille
1660 1419 1847 1459 caducus,

872 1485 1122 1531 Flammaque
1144 1487 1188 1521 (le
1209 1487 1349 1532 stipula
1372 1490 1503 1521 nostra
1525 1487 1721 1532 brevisque
1739 1485 1828 1532 fuit.

517 1577 651 1610 nostra
677 1573 809 1623 inepte
839 1573 885 1611 ad
907 1573 1104 1612 flammam
1126 1575 1310 1619 refertur,
1344 1575 1456 1625 quasi
1487 1574 1534 1612 de
1567 1574 1710 1626 stipula
1739 1574 1869 1619 floris,
1903 1585 1979 1624 quo
2008 1578 2123 1624 poeta

405 1651 445 1677 se
476 1640 688 1678 increvisse
720 1640 830 1685 dicit,
864 1640 962 1679 alius
994 1647 1109 1691 atque
1141 1647 1279 1693 poetae
1310 1643 1435 1693 ipsius
1457 1642 1612 1681 flamma
1643 1654 1806 1693 surgere
1837 1642 2029 1693 potuerit;
2063 1642 2121 1679 in-

406 1708 533 1757 eptius
565 1708 681 1746 etiam
713 1721 801 1747 cum
833 1710 958 1747 brevis
988 1711 1258 1760 coniungitur,
1293 1721 1392 1760 quae
1427 1722 1543 1749 voces
1581 1723 1696 1761 qnam
1729 1710 2022 1749 similitudinem
2054 1708 2121 1748 ha-

405 1774 521 1813 beant
552 1775 629 1813 dici
659 1778 807 1826 nequit.
869 1777 1129 1816 Scribendum
1162 1782 1239 1816 est:
1270 1780 1509 1827 flammaque
1541 1780 1589 1817 de
1617 1781 1763 1828 stipula
1793 1780 1940 1826 niqra
1972 1778 2122 1815 brevis-

403 1855 476 1891 que
501 1843 603 1890 fui&
635 1844 682 1882 cf.
716 1845 831 1896 Prop.
864 1850 901 1889 5,
937 1848 972 1890 3,
1009 1850 1059 1887 14
1101 1857 1202 1894 quae
1232 1847 1329 1884 milei
1357 1847 1550 1885 deductae
1576 1847 1659 1894 fax
1687 1858 1796 1885 omen
1826 1848 2025 1895 praetulit,
2052 1847 2122 1884 illa

409 1911 551 1950 Traxit
579 1913 628 1951 ab
656 1923 789 1951 everso
818 1915 967 1951 lumina
999 1916 1117 1961 myra
1148 1925 1265 1961 roy0‚·
1309 1914 1420 1952 Statii
1451 1914 1573 1954 Theb.
1606 1919 1651 1959 5,
1687 1919 1764 1957 175
1803 1916 1916 1962 myer
1948 1914 2123 1952 omnibus

404 1982 487 2018 aris
524 1980 647 2028 Issm's.
716 1980 949 2019 Coniectura
989 1982 1093 2020 enim
1129 1993 1260 2030 parva
1299 1982 1518 2030 brevisque,
1566 1994 1682 2034 quam
1720 1987 1764 2027 5,
1800 1986 1871 2027 12,
1905 1985 1957 2024 62
1993 1983 2122 2020 exitus

401 2052 458 2086 θεῖ
485 2050 606 2086 slude'e'
626 2060 756 2097 parva
781 2049 929 2095 favilla
959 2051 1035 2087 mei
1064 2050 1229 2088 suadere
1260 2051 1403 2101 possit,
1445 2055 1483 2088 et
1520 2063 1540 2088 a
1579 2050 1780 2089 codicibus
1819 2050 1972 2100 longius
2011 2062 2119 2088 rece-

404 2115 497 2154 dere
539 2109 749 2155 censenda
772 2122 847 2161 est,
888 2118 963 2155 nisi
1001 2118 1089 2169 (pins
1127 2118 1263 2156 afferat
1301 2131 1373 2156 am.
1418 2121 1462 2162 2,
1497 2121 1542 2161 8,
1577 2122 1648 2163 20,
1689 2118 1756 2157 ubi
1789 2120 1912 2156 animi
1939 2119 2120 2167 periuria

402 2186 526 2222 nostri
553 2185 592 2222 in
623 2196 658 2222 α.
683 2197 723 2233 p.
754 2186 850 2233 puri
879 2190 1109 2236 corruptum
1143 2191 1223 2231 est,
1258 2191 1295 2224 et
1324 2191 1488 2238 propter
1520 2187 1700 2225 notiones
1730 2186 1930 2237 parvitatis
1963 2191 1999 2223 et
2029 2184 2118 2224 bre-

402 2253 528 2290 vitatis
559 2253 674 2291 nimis
705 2252 850 2291 similes
881 2252 1073 2304 displicet.

459 2355 567 2392 Trist.
591 2358 622 2396 5,
645 2358 676 2396 8,
699 2359 759 2392 29:
791 2357 1055 2404 Exemploque
1076 2359 1198 2402 (lemn,
1222 2359 1356 2405 quibus
1378 2368 1605 2394 accessurus
1625 2362 1661 2393 et
1680 2359 1760 2404 ipse
1781 2363 1848 2402 est,

870 2425 960 2461 Cum
976 2436 1125 2472 poenae
1145 2428 1255 2463 venia
1274 2428 1390 2473 plura
1410 2428 1583 2474 royanda
1598 2431 1739 2472 petam.

516 2512 727 2562 Postquam
758 2517 872 2563 poeta
904 2514 999 2552 dixit
1028 2515 1264 2564 Augustum,
1305 2518 1348 2552 ut
1387 2527 1458 2565 per
1497 2516 1572 2553 vim
1610 2515 1789 2566 superari
1827 2516 2026 2564 nequiret,
2066 2515 2117 2553 ita

402 2581 575 2618 animum
606 2580 764 2618 mollem
796 2580 841 2618 ad
872 2593 1011 2631 preces
1042 2581 1206 2626 habere,
1241 2594 1319 2619 non
1350 2582 1483 2626 video,
1517 2582 1608 2632 quid
1643 2582 1683 2620 hi
1715 2595 1851 2621 versus
1873 2582 1976 2621 aliud
1998 2583 2115 2632 signi-

402 2649 520 2686 ficare
550 2648 721 2698 possint,
763 2660 876 2699 quam
918 2648 1083 2687 deorum
1116 2648 1295 2700 exemplo
1335 2662 1424 2688 eum
1461 2662 1539 2688 non
1578 2651 1729 2689 veniam
1767 2655 1917 2688 tantum
1955 2650 2115 2701 petitam

402 2716 472 2755 sed
502 2715 575 2754 alia
606 2727 706 2765 quae
737 2728 816 2754 non
852 2717 972 2766 petita
1009 2717 1087 2754 sint
1124 2716 1306 2755 daturum
1345 2729 1443 2756 esse.
1507 2718 1614 2763 Quae
1654 2730 1743 2756 cum
1780 2718 1819 2755 in
1859 2718 2029 2756 carmine
2068 2716 2115 2755 ad

400 2782 654 2822 insultantem
684 2787 822 2834 poetae
853 2784 1054 2821 inimicum
1085 2784 1389 2836 perterrendum
1420 2786 1636 2837 composito
1668 2786 1866 2837 aptissima
1897 2789 1998 2828 sunt,
2032 2788 2113 2822 tum

401 2852 619 2901 Augustum
658 2863 706 2889 ne
747 2850 991 2890 offenderent
1029 2851 1243 2889 verendum
1283 2865 1361 2891 non
1400 2857 1494 2891 erat.
1564 2853 1639 2891 Sed
1680 2852 1842 2891 eandem
1882 2852 2112 2890 sententiam

403 2919 616 2956 efficiamus
647 2923 821 2970 oportet,
855 2919 886 2957 si
916 2918 1032 2957 verba
1062 2920 1147 2969 ipsa
1169 2921 1389 2959 accuratius
1420 2921 1780 2959 examinaverimus.
1844 2920 1936 2957 Cum
1960 2930 2115 2967 poenae

401 2988 513 3024 venia
533 2988 655 3034 plura
687 2988 779 3036 quin
810 2988 961 3037 integra
992 2987 1087 3031 sint,
1121 2986 1290 3026 dubitari
1320 2989 1475 3039 nequit;
1510 2988 1556 3027 ad
1586 2987 1682 3026 haee
1702 2988 1917 3037 Augustum
1948 2992 1991 3025 ut
2020 2987 2112 3026 sul»-

404 3054 548 3091 iectum
579 3054 832 3093 referendum
866 3066 951 3093 esse
982 3066 1053 3105 pro
1085 3057 1337 3100 necessitate,
1381 3067 1455 3105 qua
1493 3055 1567 3094 hoc
1605 3060 1644 3094 et
1672 3056 1895 3106 proximum
1935 3056 2111 3093 enuntia-

405 3125 485 3159 tum
517 3122 761 3167 continetur,
796 3122 1036 3161 confidenter
1068 3122 1262 3161 al'lirmare
1293 3123 1394 3161 licet.
1436 3124 1517 3162 Iam
1536 3124 1754 3173 Augustum
1776 3134 1924 3173 poenae
1946 3123 2109 3166 veniam,

405 3188 480 3225 nisi
510 3194 730 3233 recusaret,
767 3189 860 3228 dare
892 3194 1040 3228 tantum
1070 3191 1245 3241 potuisse
1276 3196 1460 3242 apparet,
1494 3196 1536 3229 ut
1573 3192 1613 3229 in
1649 3190 1724 3228 fine
1764 3202 1900 3228 versus
1937 3189 2110 3229 seriben-
