2330 3606
399 140 480 181 348
704 146 742 181 H.
775 146 813 180 Α.
846 144 981 180 KOCH:
1014 143 1310 181 GONIECTANEA
1343 145 1385 180 IN
1415 144 1582 180 POETAS
1613 145 1809 181 LATINOS.

397 258 575 295 carmine
601 257 752 303 facto.
802 257 984 295 caruu'na
1013 255 1131 302 facta
1160 257 1212 294 ita
1242 256 1495 293 inveniuntur
1527 268 1614 306 epp.
1650 268 1695 293 ex
1727 256 1850 295 Ponto
1884 260 1926 299 1,
1961 260 2004 300 8,
2039 260 2110 300 1ος

398 328 443 369 2,
477 329 522 368 4,
558 327 628 367 13;
671 328 716 368 3,
750 328 794 367 5,
829 326 901 367 39;
946 328 990 368 4,
1024 328 1067 367 9,
1104 327 1195 367 132.
1260 323 1470 362 Praeterea
1510 322 1674 361 similem
1716 324 1905 363 orationis
1943 324 2111 363 sormam

399 392 609 430 observare
648 391 738 430 licet
776 390 835 429 his
874 391 1029 430 duobus
1067 391 1185 436 10015,
1236 403 1322 441 epp.
1368 403 1414 429 ex
1452 391 1576 430 Ponto
1617 394 1662 435 2,
1697 394 1744 436 6,
1788 396 1837 434 11
1884 403 1989 430 nunc
2018 393 2116 431 mihi

397 460 616 508 reaufraqio
645 460 742 508 quid
767 460 929 508 prodest
952 460 1103 498 discere
1124 460 1236 506 sacto
1266 459 1349 504 Oua
1374 470 1460 497 mea
1485 459 1661 497 debuerit
1685 470 1849 498 currere
1871 460 2009 499 cumba
2036 462 2111 508 via,

398 534 435 566 et
466 532 509 572 4,
545 530 590 572 8,
623 530 674 570 43
716 539 787 566 uec
824 532 952 565 tamen
983 527 1116 575 officio
1153 531 1283 565 vatam
1313 538 1389 576 per
1425 529 1606 566 carmina
1633 527 1746 575 facto
1773 528 2021 577 Principibus
2049 540 2113 567 res

394 600 452 634 est
476 597 633 644 ,qrale'or
658 597 741 634 ulla
772 597 878 634 viris.

453 700 559 736 Trist.
581 704 620 740 2,
643 702 728 735 473:
760 700 861 744 Quid
881 701 1029 736 valeant
1050 701 1135 741 tali,
1166 712 1238 747 quo
1254 702 1382 746 p'ossz's
1398 701 1567 746 plurima
1589 703 1689 737 iactu

851 768 1028 815 Fingere,
1051 769 1253 805 damnosos
1273 769 1513 815 effugiasque
1533 779 1659 805 canes.

507 858 577 896 Hie¹
609 861 809 895 contortae
841 856 984 909 Mieylli
1014 857 1331 908 interpretationi
1362 858 1663 909 praeferendam
1695 869 1781 896 esse
1812 856 1986 897 Merulae
2017 870 2108 897 0011-

394 927 584 964 iecturam
624 936 698 973 quo
731 927 859 974 possis
891 926 1069 974 plurima
1110 927 1215 964 iactu
1262 926 1487 972 Vincere,
1526 926 1839 965 luculentissimo
1877 930 2108 976 argumento

393 993 534 1044 prohat
566 992 779 1031 Suetonius
802 994 884 1033 Oet.
911 998 959 1036 71
986 1004 1079 1031 uam
1110 995 1146 1031 si
1167 1005 1266 1042 quas
1294 1005 1435 1032 manus
1459 996 1594 1032 remise·
1621 996 1761 1043 cuique
1783 995 2010 1042 exeqt‘ssem,
2042 1000 2112 1033 aut

391 1063 637 1099 retinuissem
667 1062 772 1109 quod
796 1064 937 1110 cuique
968 1062 1131 1112 donavi,
1162 1064 1335 1100 vicissem
1367 1065 1425 1101 vel
1454 1063 1741 1111 quinquaqinta
1769 1065 1897 1110 milia,
1925 1073 2001 1112 quo
2023 1062 2109 1100 1000

391 1129 634 1179 intellegitur
672 1131 827 1168 vincere
864 1130 903 1168 in
942 1129 1045 1168 ludis
1090 1130 1193 1169 idem
1232 1130 1356 1169 fuisse
1404 1130 1508 1181 quod
1554 1130 1657 1182 apud
1697 1134 1893 1171 nostrates
1934 1135 1992 1169 est
2032 1142 2110 1179 qe-

391 1209 558 1235 trucum.

448 1303 553 1337 Trist.
578 1306 615 1341 2,
639 1303 721 1337 470:
763 1302 808 1338 Vt
828 1313 935 1349 maqe
957 1304 1046 1339 velle
1067 1304 1176 1350 sequi
1193 1304 1289 1339 sciat
1309 1308 1344 1339 et
1365 1314 1546 1340 revocare
1562 1305 1747 1350 priorem.

503 1380 685 1425 Quamvis
715 1392 838 1430 paura
871 1380 918 1418 de
949 1380 1041 1418 ludo
1073 1381 1387 1420 latrunculorum
1421 1382 1601 1425 sciamus,
1635 1393 1712 1419 non
1743 1383 1825 1420 sine
1857 1381 1985 1431 aliqua
2015 1394 2106 1432 pro-

390 1447 588 1486 babilitate
628 1447 675 1485 de
717 1447 845 1486 verbis
884 1449 1082 1499 corruptis
1120 1460 1236 1497 maye
1273 1452 1369 1488 velle
1407 1449 1608 1499 disputare
1647 1449 1749 1488 lieet.
1821 1450 1916 1488 Cum
1957 1453 2109 1488 constet

389 1520 632 1554 momentum
663 1515 745 1553 ludi
766 1516 805 1553 in
829 1528 874 1553 eo
896 1517 1038 1560 fuisse,
1074 1529 1121 1555 ne
1145 1519 1230 1567 quis
1261 1519 1345 1557 sine.
1373 1530 1555 1568 compare
1577 1517 1955 1568 deprehenderetur,
1990 1517 2107 1556 verba

389 1588 516 1622 antem
550 1595 738 1622 revocare
760 1585 938 1632 priorem
970 1584 1176 1623 referenda
1209 1598 1297 1624 esse
1328 1586 1375 1625 ad
1413 1585 1697 1624 circumdatum
1739 1585 1785 1623 al)
1816 1584 1997 1624 hostibus
2029 1584 2104 1623 cal-

388 1651 520 1689 011111111
552 1651 722 1689 artificiis
755 1651 988 1701 quibusdam
1020 1651 1251 1691 solvendum
1283 1658 1320 1691 et
1349 1653 1625 1697 revocandum,
1659 1654 1841 1702 sequitur
1869 1653 1989 1691 altera
2020 1665 2104 1691 ver-

388 1732 454 1757 sus
485 1724 596 1769 parte
629 1732 718 1757 011111
750 1719 942 1758 ‹ah-ulum
974 1721 1203 1770 significari,
1245 1722 1311 1771 qui
1350 1734 1428 1760 non
1470 1727 1510 1760 ut
1549 1722 1659 1773 prior
1691 1720 1935 1760 revocandus
1966 1721 2033 1759 sed
2066 1725 2108 1759 ut

387 1799 519 1825 eomes
551 1786 776 1836 sequendus
809 1793 925 1826 esset.
988 1788 1124 1837 Itaque
1155 1788 1394 1828 scribemus:
1439 1791 1485 1828 Π
1513 1791 1836 1837 comitemque
1871 1791 1982 1838 sequi
2008 1791 2109 1827 sciat

386 1859 422 1892 et
450 1866 637 1893 revocare
662 1857 851 1904 priorem.

445 1958 552 1995 Trist.
575 1961 613 2000 3,
637 1961 673 2000 1,
697 1963 757 1995 47:
792 1959 917 1996 Causa
938 1962 1204 2007 superpositae
1225 1963 1365 2008 scripto
1387 1965 1548 1998 testante
1570 1971 1733 1998 coronae

876 2028 1054 2065 Servatos
1073 2031 1172 2066 cives
1192 2031 1334 2066 indicat
1354 2031 1466 2067 huius
1487 2041 1568 2077 ope.

499 2117 541 2154 ln
580 2115 651 2154 liae
689 2116 791 2155 tituli
829 2117 968 2155 domus
1005 2119 1229 2168 Augustalis
1267 2119 1532 2171 descriptione
1573 2120 1704 2158 neseio
1752 2130 1941 2168 quaenam
1979 2130 2105 2158 causa

386 2195 556 2223 coronae
587 2184 849 2234 intellegenda
881 2186 930 2223 sit
961 2186 1102 2235 quidve
1143 2199 1185 2225 ea
1223 2188 1396 2226 indicare
1430 2187 1592 2227 dicatur.
1654 2188 1729 2226 Ant
1759 2186 1966 2225 (licendum
2001 2192 2100 2226 erat:

387 2264 502 2290 rausa
534 2264 701 2290 coronae
735 2258 803 2297 est,
839 2253 941 2303 quod
975 2255 1077 2292 cives
1108 2254 1225 2294 huius
1257 2268 1330 2306 ope
1362 2257 1502 2294 servati
1535 2260 1645 2299 sunt,
1680 2258 1763 2292 aut:
1797 2266 1941 2292 corona
1973 2267 2101 2294 serva-

387 2325 446 2357 tos
477 2319 633 2357 indicat.
697 2321 844 2359 Deinde
874 2324 1146 2371 superpositae
1177 2323 1359 2368 offendit,
1401 2336 1488 2362 011111
1526 2324 1565 2361 111
1596 2323 1785 2373 proximis
1816 2321 1994 2360 versibus
2024 2335 2102 2361 11011

386 2387 433 2425 de
465 2387 634 2431 foribus,
677 2399 840 2437 quarum
882 2391 1082 2429 notionem
1124 2391 1308 2442 supplent
1338 2393 1596 2441 interpretes,
1638 2389 1704 2428 sed
1745 2389 1792 2426 de
1831 2388 1940 2427 lauro
1972 2403 2101 2430 sermo

385 2456 446 2493 sit.
512 2454 660 2500 Quodsi
701 2457 786 2504 quis
825 2469 913 2494 runi
953 2457 1113 2496 Heinsio
1159 2463 1297 2497 testata
1343 2459 1475 2509 legere
1516 2464 1553 2496 et
1590 2458 1738 2496 maiore
1785 2457 2101 2508 interpunctione

384 2527 473 2573 post
502 2534 670 2560 cornuae
700 2524 823 2573 posita
864 2523 960 2563 haee
1000 2525 1045 2564 ad
1086 2527 1434 2576 inim-rogationem
1474 2527 1521 2564 110
1560 2526 1669 2564 lauro
1708 2537 1740 2563 v.
1776 2527 1827 2567 39
1865 2535 1938 2562 6²1²·
1973 2531 2100 2566 tamen

386 2592 567 2638 apposita
594 2593 747 2628 velatur
774 2593 896 2629 ianua
917 2595 1031 2631 lauro
1062 2594 1214 2631 referre
1247 2594 1349 2638 velit,
1377 2596 1409 2631 is
1433 2600 1470 2632 et
1493 2594 1821 2633 rontortissilnaln
1846 2593 1986 2632 efficiat
2010 2608 2097 2634 sen-

387 2658 544 2695 tentiam
577 2663 623 2695 et·
644 2658 905 2708 redarguatur
938 2672 1011 2699 11511
1042 2661 1309 2700 Romanorum
1350 2663 1415 2711 qui
1445 2662 1556 2701 lauro
1589 2663 1691 2700 cives
1723 2664 1896 2699 servatos
1926 2662 2098 2703 indicare

385 2737 463 2763 non
495 2724 634 2764 solent.
696 2727 1029 2766 Proficiscemlmn
1063 2734 1121 2766 est
1150 2729 1190 2766 in
1222 2729 1307 2767 1000
1341 2729 1582 2769 emendando
1615 2743 1634 2769 a
1665 2728 1954 2778 superpositae,
1994 2733 2097 2781 quod

385 2805 473 2830 runi
506 2794 597 2831 satis
628 2800 814 2844 appareat
851 2796 1040 2846 seriptum
1071 2795 1168 2834 illud
1201 2796 1247 2834 de
1278 2798 1441 2847 Augusti
1472 2799 1622 2836 meritis
1653 2802 1945 2852 superpositum
1975 2802 2098 2839 fuisse

384 2873 563 2905 coronae,
600 2862 828 2900 mutandum
852 2869 909 2901 est
935 2863 973 2900 in
995 2866 1250 2912 superposito.
1302 2865 1439 2903 Cetera
1471 2864 1561 2904 111110
1583 2868 1787 2906 mutationi
1808 2870 1860 2907 ita
1883 2868 2097 2919 adaptanda

385 2932 495 2966 sunt:
550 2928 767 2977 Ouerua,
806 2934 1124 2979 superposito
1157 2934 1304 2981 scripto
1343 2937 1522 2979 testante,
1558 2945 1746 2972 corona
1780 2935 1961 2973 Servatos
1996 2938 2098 2974 cives

383 2997 533 3034 itule'cat
557 2997 671 3035 leuius
698 3008 790 3047 ope,·
817 2998 862 3036 rs.
888 2999 973 3037 fast.
1001 3003 1035 3043 1,
1061 3001 1141 3041 614
1168 3005 1352 3048 proteqat
1381 3005 1418 3038 et
1441 3007 1590 3039 vestras
1617 3014 1769 3050 querna
1796 3013 1944 3041 corona
1970 3004 2094 3050 fores.

440 3111 547 3147 Trist.
570 3114 608 3151 3,
632 3114 669 3152 1,
692 3115 754 3149 63:
788 3112 969 3159 Quaeque
990 3114 1064 3149 viri
1081 3115 1185 3149 docto
1207 3120 1351 3151 veteres
1370 3125 1505 3162 cepere
1525 3118 1684 3163 novique

876 3181 1050 3222 Pectore,
1072 3183 1227 3218 lecturis
1246 3184 1480 3230 inspicienda
1496 3188 1644 3230 patent.
