2330 3606
653 172 689 208 G.
724 172 872 207 TlllLOr
905 169 1232 207 EMENDATIONES
1264 169 1471 206 SlLlANAE.
1831 165 1914 205 403

209 284 362 327 reiecit,
396 281 498 332 quod
529 293 630 330 quae
656 283 771 330 copia
800 293 934 319 rerum
964 281 1125 319 vocibus
1164 292 1262 330 quae
1294 281 1422 318 statim
1453 280 1760 330 insequerentur
1792 279 1914 316 victus

209 352 354 390 mentio
384 350 515 393 fieret,
549 362 590 387 ea
622 349 844 400 recipienda
877 354 946 387 est.

320 485 361 524 In
395 484 533 522 eodem
564 484 663 523 libro
696 498 715 523 a
746 496 861 522 versu
894 486 973 526 356
1005 484 1138 534 copiae
1169 487 1428 521 recensentur
1449 482 1678 520 Terentium
1702 483 1916 520 Varronem

211 558 248 591 et
285 551 492 591 Aemilium
524 551 686 590 Paulum
727 550 908 589 consules
947 550 992 588 ad
1032 562 1201 601 pugnam
1241 549 1483 588 Cannensem
1525 554 1680 587 secutae
1719 548 1917 597 ducesque

211 632 343 658 earum
374 621 635 658 nominantur.
680 622 899 662 383—389
931 618 978 656 de
1009 618 1134 656 Mucio
1167 616 1351 655 Scaevola
1381 616 1607 655 Volscorum
1640 616 1738 654 duce
1769 617 1806 653 in
1838 616 1916 653 edi-

208 689 313 726 tione
345 687 583 738 Rupertiana
614 685 709 724 haec
740 686 943 736 leguntur:

476 791 576 826 (lucit
598 791 677 825 avis
694 790 841 835 pollens
862 799 930 824 nec
951 789 1089 824 (leoelra
1111 788 1287 834 indignus
1309 799 1463 823 avorum
1713 789 1779 821 383

478 857 657 893 Scaevola
672 886 682 902 7
703 858 764 893 cui
783 858 890 892 (lirae
911 857 1084 891 caelatur
1105 857 1229 892 laudis
1249 856 1394 890 honora

476 924 601 972 effiyie
622 926 775 971 clipeus.
814 925 983 971 flayrant
1004 924 1190 959 altaribus
1210 924 1327 970 imme,

482 993 720 1040 Tyrrhenum
742 993 830 1028 valli
849 993 968 1027 medio
989 996 1063 1027 stat
1085 990 1234 1026 Mucius
1254 993 1314 1026 ira

476 1062 515 1096 2‘72
536 1065 650 1096 semet
670 1070 798 1102 versa,
821 1061 1013 1105 saevitque
1034 1061 1071 1094 in
1093 1059 1254 1105 imagine
1276 1060 1396 1094 virtus

479 1134 566 1164 tunc
586 1130 683 1164 ictus
703 1129 826 1173 specie
846 1128 1020 1173 pavitare
1042 1127 1111 1161 hoc
1132 1127 1225 1162 bella
1248 1114 1427 1173 mayislro

477 1198 667 1239 cernitur,
689 1196 876 1242 effuyiens
897 1196 1092 1230 ardentem
1113 1195 1283 1230 Porsena
1305 1195 1495 1229 dextram.

211 1309 347 1335 versus
385 1299 463 1338 383
502 1296 540 1333 111
572 1296 754 1333 Vaticano
797 1297 902 1337 1652
943 1299 979 1332 et
1016 1295 1055 1332 in
1095 1294 1308 1333 Oxoniensi
1344 1292 1406 1330 hic
1446 1298 1504 1331 est
1541 1298 1632 1330 lunc
1668 1294 1740 1330 {cle
1778 1294 1926 1341 species

209 1375 330 1402 nuere
350 1374 397 1401 ac
418 1363 517 1400 bella
543 1364 739 1409 mamm-0,
763 1363 800 1400 iu
824 1362 1047 1399 Coloniensi
1068 1362 1226 1400 Heinsio
1249 1365 1347 1399 teste
1369 1360 1431 1398 hic
1453 1361 1526 1398 fuit
1547 1365 1636 1398 lunc
1660 1362 1760 1398 ictae
1779 1362 1926 1408 species

209 1434 332 1470 iniere
362 1443 410 1469 cte
440 1432 540 1469 bella
566 1432 763 1478 mcaeqe'stro.
810 1431 1027 1468 innumeris
1058 1429 1097 1467 hi
1128 1441 1266 1467 versus
1295 1429 1531 1466 coniecturis
1562 1427 1609 1466 ab
1640 1428 1925 1479 interpretibus

211 1499 279 1537 Sili
310 1499 487 1550 temptati
518 1502 627 1536 sunt:
661 1509 757 1548 quas
789 1509 1022 1535 enumerare
1055 1502 1093 1535 et
1123 1498 1296 1535 refutare
1329 1509 1417 1535 culn
1448 1495 1608 1545 longum
1651 1497 1699 1534 sit
1740 1509 1782 1534 ea
1823 1509 1922 1547 quae

209 1568 293 1618 ipse
323 1567 452 1604 inveni
491 1564 707 1616 explicasse
747 1569 784 1602 et
814 1564 1035 1603 defendisse
1074 1566 1166 1603 satis
1205 1564 1370 1603 habebo.
1433 1564 1582 1601 conicio
1624 1569 1753 1602 autem
1787 1564 1926 1602 Silium

212 1635 414 1685 scripsisse
445 1638 554 1672 tanta
583 1635 680 1671 ictus
705 1635 833 1681 specle
860 1644 1030 1670 renuens
1058 1633 1130 1671 hoe
1151 1633 1253 1671 bella
1283 1634 1469 1680 maffl'slro
1500 1633 1676 1670 cerm'lm·
1704 1640 1739 1669 et
1765 1632 1927 1679 fuqiens

211 1713 247 1740 a.
276 1702 317 1739 P.
346 1702 383 1739 d.
445 1714 487 1739 ac
518 1706 627 1739 lanta
658 1700 813 1751 quidem
846 1701 979 1750 accepi
1020 1713 1038 1738 a
1071 1701 1153 1738 viro
1186 1699 1353 1749 quodam
1386 1699 1523 1743 docto,
1564 1712 1679 1750 quem
1714 1699 1926 1750 Rupertius

211 1771 248 1808 in
272 1769 486 1820 appendice
508 1773 616 1807 tanta
643 1771 740 1807 ictus
769 1769 897 1816 specie
922 1770 1040 1814 finire
1068 1768 1140 1805 hoc
1160 1768 1260 1805 bella
1282 1769 1467 1815 maffl'slro
1487 1769 1663 1805 ceruilur
1684 1768 1925 1817 suspicatum

214 1848 298 1875 esse
329 1836 534 1875 adnotavit.
572 1859 616 1862 —
652 1837 724 1873 icle
755 1846 868 1884 quam
900 1834 1011 1872 facile
1043 1835 1127 1873 sieri
1156 1836 1329 1886 potuerit
1368 1847 1413 1872 ex
1445 1836 1561 1882 ictus,
1595 1847 1683 1872 cum
1715 1847 1788 1872 vox
1827 1846 1926 1883 quae

213 1905 390 1954 sequitur
420 1903 467 1941 ab
497 1915 515 1941 s
552 1902 681 1941 littera
720 1903 900 1953 incipiat,
943 1914 1021 1940 non
1063 1908 1121 1940 est
1159 1915 1229 1940 cur
1267 1901 1399 1940 multis
1440 1901 1675 1952 explicetur;
1717 1913 1845 1950 neque
1889 1901 1925 1938 id

213 1971 445 2022 Rupertium
476 1971 573 2021 fugit.
603 1971 668 2021 qui
707 1970 753 2008 ad
785 1970 997 2008 Porsenam
1035 1969 1131 2007 haec
1169 1969 1286 2008 verba
1325 1970 1525 2020 pertinere
1564 1969 1797 2019 intellegens
1836 1969 1927 2007 olim

212 2041 310 2077 ictus
340 2039 528 2089 reposuit.
566 2060 611 2064 —
645 2049 814 2075 renuens
845 2050 932 2075 cum
965 2037 1010 2075 ad
1043 2036 1191 2075 litteras
1231 2036 1409 2075 codicum
1450 2036 1572 2075 multo
1612 2038 1776 2087 propius
1817 2049 1925 2074 acce-

214 2105 278 2143 dat
315 2116 429 2155 quam
468 2118 511 2143 ea
551 2117 649 2156 quae
682 2110 770 2143 ante
810 2117 871 2143 me
911 2104 1061 2155 prolata
1103 2110 1213 2149 sunt,
1253 2110 1335 2143 tum
1376 2104 1569 2142 renuendi
1611 2103 1840 2141 vocabulum
1882 2104 1927 2141 ad

214 2172 317 2211 hunc
355 2172 485 2211 locum
523 2174 767 2223 aptissimum
809 2176 881 2210 est..
950 2172 1121 2210 Porsena
1161 2173 1263 2210 enim
1301 2183 1471 2209 renuens
1508 2173 1531 2209 i.
1567 2184 1598 2209 c.
1640 2171 1748 2209 xultu
1793 2183 1928 2209 averso

214 2252 408 2290 manuque
440 2239 597 2278 obtenta
629 2240 868 2289 significans,
902 2244 1079 2277 metuere
1118 2252 1158 2277 se
1189 2239 1290 2277 helle
1321 2238 1446 2290 qualia
1478 2239 1627 2277 Mucius
1666 2240 1848 2281 iusrwrct,
1890 2240 1928 2276 iu

215 2308 340 2357 effigie
371 2308 516 2358 optime
549 2308 713 2358 exprimi
743 2311 909 2358 poterat.
971 2318 1099 2356 neque
1130 2308 1377 2358 participium
1418 2306 1603 2344 cernendi
1643 2306 1763 2343 verbo
1803 2307 1930 2356 aptius

214 2375 322 2424 iungi
351 2387 467 2426 quam
497 2376 728 2413 infinitivum
762 2374 980 2424 negahitur.
1029 2375 1076 2412 cf.
1101 2374 1249 2416 11412.
1287 2398 1332 2401 -
1368 2375 1440 2412 hoc
1470 2374 1679 2412 Lefeburio
1712 2374 1787 2411 nisi
1818 2373 1930 2411 fallor

217 2441 394 2480 debetur.
433 2465 477 2469 —
513 2443 613 2480 bella
644 2446 773 2480 autem
805 2454 883 2480 non
915 2441 1099 2491 intellego
1130 2441 1279 2480 bellum
1310 2443 1412 2480 inter
1444 2441 1641 2479 Romanos
1674 2446 1711 2478 et
1742 2442 1930 2478 Etruscos

217 2509 264 2547 de
296 2509 506 2559 Tarquinio
537 2511 577 2547 in
608 2521 775 2559 regnum
816 2509 1058 2547 restituendo
1100 2514 1300 2553 exortum,
1343 2509 1409 2547 sed
1449 2508 1548 2547 bella
1588 2521 1686 2558 quac,
1726 2521 1812 2546 cum
1853 2521 1930 2547 uuo

218 2588 374 2627 quoque
413 2577 706 2614 coniuratorum
738 2576 934 2615 Porsenae
975 2576 1150 2614 adeunda
1191 2589 1278 2614 esse
1309 2577 1461 2615 Mucius
1496 2578 1696 2615 nuntiavit.
1760 2577 1806 2614 cf.
1849 2576 1928 2613 Liv.

217 2644 250 2682 Il
286 2647 334 2685 12
367 2644 438 2681 hoc
468 2644 537 2681 le'bz'
564 2646 737 2682 iuventus
765 2644 946 2681 Romana
978 2645 1183 2681 indicemus
1213 2645 1364 2682 bellum.
1425 2647 1573 2682 unllam
1606 2646 1746 2685 aciem,
1783 2646 1929 2681 Nullum

209 2713 404 2760 proelium
444 2712 635 2754 timueris,
684 2713 752 2748 um·
785 2711 853 2748 tibi
889 2716 926 2748 et
968 2722 1054 2748 cum
1091 2713 1256 2759 siuqztlis
1292 2723 1356 2749 res
1398 2714 1482 2752 erit.
1549 2711 1638 2748 iude
1678 2712 1931 2759 consequitur

217 2780 445 2826 mayz'slrum
484 2790 561 2816 non
603 2790 687 2816 esse
726 2777 893 2815 militum
934 2779 1185 2827 magistrum,
1239 2790 1337 2828 quae
1382 2780 1643 2829 i11[‹·1·pr‹=mm
1685 2778 1929 2826 quorumlam

218 2846 409 2884 sententia
443 2850 520 2889 est,
555 2844 622 2883 sed
663 2856 751 2882 eum
783 2845 849 2894 (1111
887 2850 991 2883 sorte
1031 2844 1190 2883 iubente
1227 2847 1378 2896 primus
1410 2847 1621 2884 Porsenam
1662 2850 1737 2882 tam
1778 2846 1930 2883 ssu-titel·

217 2914 424 2957 invaserit,
456 2917 499 2951 ut
528 2912 689 2961 reliquis
721 2912 873 2949 virtutis
905 2911 1127 2961 exemplum
1160 2918 1273 2951 esset.
1336 2914 1383 2951 cf.
1417 2913 1481 2950 XV
1513 2916 1604 2954 360.

331 3046 365 3085 Χ
397 3051 476 3089 415
499 3058 582 3098 sqq.
617 3047 787 3084 narravit
818 3050 931 3096 pocta
963 3050 1051 3095 post
1080 3058 1250 3096 pugnam
1285 3047 1528 3085 Cannensem
1560 3045 1711 3084 nobiles
1742 3046 1930 3096 quosdam

222 3113 380 3151 iuvenes
411 3114 565 3151 Metello
598 3117 756 3151 auctore
789 3118 826 3150 et
858 3112 956 3150 duce
997 3114 1243 3152 constituisse
1284 3115 1435 3151 deserta
1476 3113 1581 3151 ltalia
1621 3114 1657 3150 iu
1698 3114 1930 3151 remotiores

223 3181 404 3229 regiones
435 3181 591 3230 fugere,
626 3181 848 3230 Scipionem
882 3192 972 3217 veru
1006 3181 1140 3218 stricto
1173 3193 1292 3231 super
1324 3182 1444 3230 capita
1479 3179 1780 3217 consultantium
1803 3180 1928 3229 gladio

1567 3250 1618 3288 26
1638 3248 1660 3270 '⁴‘
