2330 3606
419 157 502 199 324
725 163 765 198 H.
795 164 834 199 A.
865 162 998 199 KOCH:
1032 163 1331 199 CONIECTANEA
1364 163 1406 199 IN
1434 162 1600 200 POETAS
1630 164 1823 201 LATINUS.

419 274 573 312 <notum
603 273 672 312 tihi
705 279 763 313 est
793 274 968 312 Medeam
999 276 1074 313 iam
1107 276 1228 313 fuisse
1259 276 1296 312 in
1330 286 1425 313 nave
1459 275 1606 313 Iasonis
1639 281 1676 313 et
1704 281 1834 314 tamen
1865 287 1955 314 mox
1985 276 2133 328 perfide

418 341 645 380 desertam.’
693 342 868 381 Primum
901 343 1001 380 enim
1034 354 1106 380 vox
1141 344 1272 393 inepta
1309 343 1380 380 aba·
1406 355 1485 381 non
1524 348 1768 388 removetur,
1809 344 1948 383 deinde
1987 356 2131 395 negan-

417 408 509 447 dum
541 414 599 447 est
629 410 668 447 in
700 409 952 459 ambiguitate
983 409 1219 448 intolerabili
1252 411 1354 448 vocis
1384 416 1475 448 nola
1500 410 1662 449 verbum
1695 411 1980 450 substantivum
2007 412 2133 459 fuisse

413 477 676 526 praetermitti
706 478 904 528 potuisse,
937 482 1020 516 tum
1051 480 1129 516 iam
1161 483 1354 528 repugnat
1377 477 1504 517 verbis
1536 479 1648 516 modo
1678 486 1848 525 serrato,
1883 479 2026 529 quibus
2049 492 2130 518 ma-

414 545 472 594 gis
503 544 695 595 particula
726 547 794 583 vla:
825 556 940 595 quam
972 547 1050 583 iam
1082 546 1296 583 conveniat.
1359 545 1494 595 Itaque
1526 546 1764 584 scribemus:
1807 547 1983 585 Phasis
2012 547 2131 585 Iaso-

413 614 481 650 m'a
514 619 652 651 vecta
682 619 738 651 est
767 614 911 651 Medea
946 616 1107 657 carina,
1151 614 1198 651 cf.
1234 619 1276 657 1,
1310 616 1354 657 2,
1389 616 1440 655 20
1479 619 1614 652 avecta
1651 616 1825 653 externis
1861 615 2132 664 Hippodamia

411 682 529 725 7'Ol2's,·
568 685 612 724 4,
647 684 693 725 3,
728 684 752 724 S
789 682 978 729 remaque
1016 682 1182 719 Aemilia
1219 686 1326 719 vecta
1362 686 1526 730 tropaea
1559 687 1668 726 rale,·
1714 687 1759 727 5,
1796 687 1837 727 1,
1872 687 1925 725 40
1963 694 1985 721 ο
2023 684 2135 731 quali

411 753 520 786 vecta
545 753 603 786 est
618 749 817 788 Dardana
835 751 981 797 puppis
1006 760 1087 787 ave.
1131 748 1198 787 Ov.
1223 749 1317 787 artis
1339 761 1412 786 am.
1438 752 1474 793 2,
1499 752 1522 792 8
1544 756 1653 788 vecla
1676 752 1899 798 pereyrim's
1920 751 2131 800 HaPpoda-

409 817 489 853 mia
518 817 624 854 rolla.
667 816 851 854 Ceterum
884 815 1048 855 alterum
1083 828 1239 854 versum
1262 816 1421 855 Ovidius
1452 818 1675 867 respexisse
1706 818 1859 857 videtur
1891 819 1985 857 artis
2017 822 2053 863 3,
2078 821 2129 861 36

408 885 585 922 volucres
612 885 795 922 Ariadna
822 886 1002 923 marinas
1033 885 1146 922 Ραυὶί
1172 887 1212 922 in
1243 886 1372 935 iytzolo
1399 887 1482 923 sola
1511 886 1650 923 relicta
1680 888 1776 924 loco.

465 989 497 1026 3,
520 990 573 1027 32,
596 990 659 1022 23:
692 988 826 1033 Nuper
847 990 945 1023 enim
967 989 1011 1023 de
1034 993 1066 1024 te
1088 993 1241 1024 nostras
1263 999 1319 1024 me
1340 990 1454 1024 laedi!
1476 990 1526 1023 ad
1545 1000 1660 1025 aures

790 1056 937 1092 Rumor
958 1061 993 1091 et
1013 1057 1052 1091 in
1073 1061 1149 1092 tota
1171 1068 1243 1091 non
1266 1057 1384 1092 bonus
1406 1057 1497 1092 urbe
1516 1056 1605 1099 fm'l.

518 1133 573 1171 Ita
595 1133 638 1172 N.
701 1138 853 1172 nostras
878 1136 1055 1182 pervenit
1080 1135 1136 1172 ad
1159 1146 1276 1172 ames
1307 1134 1350 1172 G.
1413 1133 1523 1172 Haud
1554 1135 1633 1172 scio
1663 1146 1712 1173 an
1740 1133 1837 1172 nihil
1867 1135 1940 1172 arti
1969 1135 2126 1173 criticae

405 1205 513 1238 recte
546 1201 789 1239 exercendae
820 1202 943 1252 magis
983 1202 1139 1240 offuerit
1176 1213 1292 1251 quam
1324 1201 1571 1240 decantatum
1602 1201 1717 1240 illud:
1753 1213 1828 1252 quo
1861 1213 1960 1251 quae
1990 1202 2125 1240 diffici-

405 1267 502 1306 liora
535 1280 580 1306 eo
612 1269 776 1307 veriora.
840 1269 894 1307 lta
926 1268 989 1307 hic
1029 1270 1265 1320 scripturam
1305 1269 1449 1307 codicis
1481 1269 1723 1319 Groningani
1758 1272 1937 1318 pervenit
1964 1270 2021 1307 ad
2049 1281 2126 1308 au-

404 1347 484 1381 res,
517 1336 564 1374 de
596 1338 706 1375 cuius
736 1338 959 1387 integritate
990 1336 1160 1375 dubitari
1191 1337 1346 1387 nequit,
1381 1349 1517 1375 omnes
1548 1338 1790 1376 recentiores
1822 1337 1993 1376 editores
2014 1349 2123 1389 spre-

403 1409 556 1442 verunt.
617 1407 742 1454 Atque
775 1404 1047 1443 Lachmannus
1080 1404 1239 1454 quidem
1271 1417 1359 1443 cum
1391 1404 1561 1443 dubitari
1592 1417 1709 1455 posse
1746 1417 1794 1443 an
1831 1416 1890 1444 me
1924 1406 2049 1443 laedit
2070 1406 2127 1443 ad

403 1483 521 1511 (mres
558 1471 676 1510 latine
717 1472 864 1511 dictum
904 1477 1026 1516 esset,
1069 1472 1233 1511 alteram
1273 1477 1404 1511 autem
1443 1473 1678 1523 scripturam
1717 1473 1883 1511 fortasse
1927 1474 2122 1511 veriorem

404 1551 490 1577 esse
523 1539 591 1578 sed
623 1540 842 1579 mirabilem
874 1540 1157 1579 dissensionem
1190 1540 1475 1578 dubitationem
1498 1553 1656 1578 movere
1686 1541 1838 1579 incerto
1868 1541 2012 1579 iudicio
2043 1540 2120 1579 dis-

399 1608 634 1658 putavisset,
676 1613 834 1647 secutus
877 1613 935 1647 est
965 1607 1148 1652 Iacobus,
1182 1609 1251 1659 qui
1291 1619 1367 1657 quo
1401 1612 1483 1646 erat
1516 1609 1595 1646 veri
1627 1620 1744 1646 sensu
1775 1609 2030 1659 incorrupto,
2063 1620 2122 1647 me

399 1676 523 1713 laedi(
551 1676 608 1713 ad
636 1688 754 1715 aures
784 1677 879 1715 ferri
910 1688 988 1714 non
1018 1688 1135 1727 posse
1166 1675 1376 1718 intellexit,
1411 1675 1578 1714 alterum
1609 1681 1773 1726 propter
1803 1677 1928 1726 ipsam
1959 1675 2119 1715 facilita-

399 1747 478 1781 tem
510 1743 730 1783 adsciscere
762 1757 880 1783 ausus
912 1757 989 1782 non
1029 1748 1099 1782 est.
1162 1744 1241 1782 Iam
1280 1756 1372 1781 vero
1405 1742 1705 1793 Hertzbergius‚
1746 1756 1795 1781 ne
1833 1744 1974 1782 fortius
2012 1744 2118 1782 auxi-

398 1810 494 1849 lium
526 1811 700 1855 deesset,
742 1812 788 1850 de
821 1817 999 1863 tempore
1030 1812 1231 1862 praesenti
1270 1824 1435 1850 securus
1474 1811 1521 1849 ad
1560 1811 1843 1849 defendendam
1876 1811 2119 1862 Neapolitani

399 1880 638 1930 scripturam
677 1879 840 1918 contulit
877 1879 990 1918 Lucr.
1032 1885 1077 1923 5,
1119 1882 1225 1921 1001
1273 1890 1450 1927 aeqnora
1491 1879 1703 1917 laedebant
1744 1890 1862 1917 naves
1907 1880 1963 1917 ad
2000 1890 2116 1924 saaca,

398 1959 515 1997 quem
544 1946 672 1986 locum
710 1948 883 1986 restituit
912 1946 1203 1991 Laclnnannus;
1241 1946 1509 1985 Kindscherus
1549 1951 1699 1991 autem,
1740 1948 1807 1998 qui
1835 1959 1963 1998 nuper
2003 1946 2114 1998 (mus.

396 2014 508 2063 rhen,
551 2020 602 2058 17
648 2028 684 2066 p.
727 2018 807 2057 216
853 2014 960 2066 sqq.)
1006 2015 1257 2066 Propertium
1304 2014 1549 2053 tractandum
1597 2014 1669 2053 sibi
1713 2015 1898 2066 sumpsit,
1947 2015 2114 2065 scriptu-

395 2095 461 2121 rae
494 2085 679 2131 pervenit
712 2084 769 2120 ad
805 2094 923 2121 am'es
961 2082 1191 2133 languorem
1230 2082 1426 2134 quendam
1472 2082 1659 2120 odoratus
1699 2094 1785 2120 esse
1828 2082 1901 2120 sibi
1947 2081 2111 2120 videtur.

396 2150 550 2195 Quanto
583 2151 716 2189 sanius
748 2149 1011 2195 Schraderus,
1054 2152 1119 2202 qui
1152 2151 1361 2189 emendatt.
1396 2163 1432 2201 p.
1470 2154 1544 2192 137
1591 2151 1827 2200 scripturam
1852 2152 2033 2198 pervenit
2061 2151 2118 2189 ad

393 2229 512 2256 (tures
551 2217 741 2269 exemplis
781 2218 978 2257 Ovidianis
1010 2222 1101 2256 met.
1137 2224 1181 2263 5,
1213 2221 1294 2261 256
1335 2222 1373 2256 et
1410 2218 1496 2256 fast.
1532 2221 1576 2261 3,
1611 2220 1687 2259 661
1728 2216 1961 2255 illustratam
1999 2218 2113 2256 unice

393 2297 526 2323 veram
559 2298 645 2325 esse
676 2287 956 2336 pronuntiavit.
1008 2289 1135 2336 Atque
1166 2286 1212 2324 ad
1245 2285 1421 2336 exempla
1453 2285 1499 2323 ab
1523 2284 1741 2323 Schradero
1772 2283 1885 2323 allata
1916 2285 1991 2323 iam
2013 2285 2111 2323 Bur-

393 2365 560 2391 mannus
583 2353 728 2391 addidit
751 2353 931 2393 Octaviae
955 2359 1154 2392 auctorem
1187 2366 1219 2391 v.
1246 2356 1338 2397 273,
1371 2357 1526 2403 poterat
1556 2352 1700 2390 addere
1733 2353 1849 2391 etiam
1871 2352 1997 2391 Ovidii
2018 2353 2111 2391 artis

392 2422 428 2464 2,
463 2424 562 2463 449;
598 2433 684 2471 epp.
720 2433 766 2458 ex
798 2421 922 2459 Ponto
956 2426 991 2465 1,
1025 2425 1063 2465 9,
1097 2426 1139 2464 5;
1176 2423 1211 2465 2,
1245 2426 1282 2464 5,
1317 2424 1390 2464 33;
1426 2423 1462 2464 2,
1497 2424 1533 2463 9,
1568 2423 1610 2463 3;
1645 2422 1681 2464 2,
1716 2424 1752 2463 4,
1787 2422 1858 2463 13;
1892 2419 1984 2458 Hor.
2017 2420 2110 2458 artis

388 2493 493 2538 poet.
530 2491 631 2531 255;
666 2489 778 2538 Verg.
814 2490 905 2526 Aen.
941 2492 985 2532 9,
1021 2492 1120 2531 395;
1162 2490 1205 2531 6,
1240 2490 1340 2530 561;
1376 2487 1486 2525 Statii
1516 2485 1652 2526 Achill.
1688 2490 1731 2531 2,
1765 2491 1837 2530 54;
1871 2487 1949 2526 Val.
1982 2486 2109 2526 Flacci

390 2558 433 2599 S,
470 2558 567 2599 1343
603 2554 803 2593 Claudiani
835 2559 905 2599 31,
940 2559 1005 2598 25.
1068 2554 1218 2600 Quibus
1251 2554 1441 2605 exemplis
1479 2555 1573 2606 quin
1604 2567 1668 2593 res
1700 2554 1926 2599 dirimatur,
1966 2556 1998 2593 is
2029 2567 2105 2593 non

389 2621 599 2666 dubitabit,
644 2623 710 2672 qui
747 2621 963 2660 Marklandi
1001 2623 1201 2673 praecepti
1239 2623 1463 2661 meminerit
1501 2635 1618 2674 saepe
1656 2623 1858 2661 verissime
1896 2623 2103 2666 monentis,

388 2702 503 2728 usum
548 2691 587 2727 in
633 2689 693 2727 his
738 2691 867 2741 poetis
917 2690 1111 2728 dominari
1157 2701 1428 2739 summamque
1474 2691 1567 2728 artis
1613 2691 1770 2728 criticae
1822 2690 1868 2727 iis
1915 2688 2099 2727 adhihen-

387 2757 457 2795 dae
497 2756 674 2807 regulam
721 2761 759 2795 et
796 2770 975 2795 normam
1022 2769 1118 2795 esse.
1188 2757 1374 2795 Mirabilis
1413 2757 1666 2796 dissensionis
1705 2769 1860 2796 causam
1901 2757 2104 2806 quaerenti

387 2836 511 2875 ipsam
544 2838 680 2864 vocem
706 2827 887 2875 pervenil
905 2824 985 2863 sola
1007 2824 1259 2864 librariorum
1280 2824 1429 2863 incuria
1461 2825 1500 2862 in
1531 2835 1590 2863 me
1619 2825 1741 2863 laedit
1770 2828 1993 2874 corruptam
2017 2836 2102 2861 esse

385 2893 622 2944 respondeo.

442 2988 472 3025 3,
495 2988 548 3026 32,
571 2988 632 3021 33:
664 2985 760 3032 Ipsa
790 2985 926 3027 Venus,
949 2985 1119 3031 quamvis
1139 2989 1325 3031 corrupta
1345 2985 1497 3020 libidine
1518 2984 1669 3027 Μανῆς,

766 3053 850 3089 Non
871 3053 994 3087 minus
1014 3053 1052 3087 in
1074 3053 1178 3088 caelo
1198 3063 1348 3098 semper
1369 3052 1524 3088 honesta
1543 3052 1639 3099 fuit,

667 3120 846 3164 Quamvis
864 3120 937 3156 Ida
956 3119 1086 3155 Parim
1105 3125 1297 3166 pastorem
1318 3121 1419 3156 (licat
1439 3130 1586 3155 amasse

764 3189 885 3235 Atque
904 3188 1004 3224 inter
1018 3188 1189 3234 pecudes
1209 3189 1430 3224 accubuisse
1451 3174 1570 3224 clea'm.
