2330 3606
406 118 488 160 320
720 123 757 158 Η.
789 124 826 157 Α.
858 121 991 157 KOCH:
1022 121 1323 157 CONlECTANEA
1353 121 1394 156 ΙΝ
1422 121 1591 156 POETAS
1619 120 1814 156 LATINOS.

463 239 522 275 72,
549 238 587 270 5:
629 234 800 271 Mentula
822 235 1064 274 moechatam
1086 235 1307 270 moechatur
1329 235 1505 269 mentula.
1549 238 1651 269 certe

712 303 797 339 Hoc
817 307 873 338 est
895 303 994 348 qaod
1012 304 1160 346 (licant,
1183 304 1267 348 ipsa
1289 304 1392 338 olera
1414 303 1487 338 olla
1509 303 1606 348 leqit.

518 392 573 430 Ita
606 391 701 430 haee
721 391 1035 442 interpungenda
1058 404 1144 430 esse
1167 391 1311 429 docent
1339 390 1378 428 hi
1408 390 1503 428 loci:
1539 393 1610 434 68,
1640 393 1690 433 19
1729 391 1858 428 nescio
1894 389 1991 437 quid
2018 392 2123 427 certe

406 465 482 503 cst:
519 463 569 502 21
609 463 664 498 sic
696 464 800 498 certe
829 464 908 504 est,·
939 462 1012 504 37,
1047 465 1070 502 7
1102 459 1169 497 ubi
1200 458 1391 509 Hauptius
1429 459 1619 496 restituit:
1660 459 1716 496 sic
1748 464 1852 496 certe
1888 462 1966 501 est:
2005 457 2118 507 Verg.

408 528 477 567 ecl.
512 532 549 572 8,
585 531 664 570 106
703 530 831 566 nescio
858 528 954 576 quid
980 532 1084 566 certe
1116 532 1183 566 est.

462 659 516 696 72,
540 659 600 691 17:
631 654 672 690 Si
691 656 891 701 quicquam
913 656 1024 690 matis
1043 659 1195 701 gratam
1218 657 1457 699 acceptumve
1477 653 1663 699 sepulcris

712 724 894 758 Accidere
916 735 938 758 a
960 726 1089 758 nostro
1103 751 1110 765 ,
1137 721 1263 763 Calve,
1287 723 1415 757 dolore
1431 725 1576 767 potest,

629 790 710 835 Quo
731 791 917 826 desiderio
939 794 1082 826 veteres
1102 800 1329 825 renovamus
1350 799 1499 825 amores

714 858 835 904 Atque
856 859 939 894 olim
961 860 1097 893 missas
1115 859 1250 904 flemus
1271 858 1473 901 amicitias,

631 927 738 964 Certe
759 938 833 962 non
854 931 958 962 tanto
980 936 1082 962 mors
1102 927 1307 961 immatura
1328 925 1450 961 dolori
1469 930 1524 960 est

716 994 937 1038 Quintiliae,
960 998 1142 1041 quantum
1164 995 1304 1040 [laudet
1325 1004 1454 1029 amore
1475 998 1550 1029 tuo.

521 1084 591 1123 Hic
629 1083 748 1122 verba
793 1094 867 1131 quo
906 1084 1101 1121 desiderio
1138 1081 1314 1132 intellegi
1351 1086 1564 1133 nequeunt,
1628 1081 1667 1119 Si
1707 1082 1808 1119 enim
1849 1085 1932 1119 arte
1963 1081 2124 1119 coniun-

408 1157 566 1203 guntur,
600 1157 643 1191 ut
674 1151 860 1190 desiderii
891 1163 983 1189 voce
1005 1152 1230 1202 proximum
1253 1151 1386 1188 dolore
1408 1149 1642 1200 explicetur,
1676 1149 1917 1200 ineptissima
1948 1153 2058 1191 sunt;
2093 1148 2126 1186 si

409 1221 680 1272 disparantur,
721 1224 765 1258 ut
803 1219 930 1258 solum
968 1230 1044 1267 quo
1079 1218 1126 1257 ad
1158 1220 1291 1257 dolore
1322 1219 1538 1262 referatur,
1580 1229 1629 1255 ne
1670 1216 1794 1256 «licam
1833 1216 1881 1255 de
1919 1215 2128 1254 insolentia

409 1289 579 1327 duorum
611 1288 871 1327 ablat1vorum
904 1289 1010 1325 iuxta
1041 1288 1283 1338 positorum,
1317 1298 1453 1325 verum
1485 1298 1563 1323 non
1596 1290 1673 1328 est,
1707 1285 1843 1336 quovis
1864 1284 2001 1322 dolore
2023 1287 2126 1322 vete-

409 1370 474 1396 res
513 1369 668 1395 amores
705 1355 902 1394 desiderio
942 1356 1143 1399 renovari,
1185 1368 1273 1393 cuni
1313 1356 1362 1393 sit
1401 1355 1515 1392 etiam
1555 1352 1686 1396 dolor,
1730 1354 1796 1402 qui
1832 1353 1870 1390 in
1909 1352 2128 1404 praesentis

409 1426 600 1477 temporis
631 1425 789 1463 miseria
821 1424 972 1462 defixus
994 1436 1151 1462 omnen]
1172 1423 1479 1474 praeteritorum
1508 1433 1686 1460 amorum
1716 1421 1947 1459 memoriam
1974 1419 2125 1459 abiciat.

409 1494 544 1544 Itaque
576 1506 665 1532 cum
697 1493 868 1532 Guarino
901 1491 1155 1530 scribendum
1195 1494 1255 1528 est
1291 1502 1424 1539 quoni
1456 1490 1670 1536 desiderio,
1710 1493 1753 1526 ut
1792 1489 1841 1526 sit
1872 1487 2008 1526 eadem
2039 1499 2126 1525 ora—

410 1563 527 1600 tionis
571 1562 698 1600 forma
744 1565 860 1612 atque
907 1571 1006 1610 quae
1051 1559 1248 1598 invenitur
1288 1563 1360 1603 70,
1402 1563 1425 1601 5
1470 1559 1504 1596 si
1543 1568 1621 1606 qua
1658 1557 1890 1595 recordanti
1922 1555 2130 1603 benefacta

404 1633 547 1679 prlora
575 1632 750 1679 voluptas
779 1630 851 1668 Est
874 1629 1030 1676 homini,
1062 1639 1150 1666 cum
1178 1639 1218 1665 se
1248 1627 1394 1674 coyitat
1418 1637 1500 1664 esse
1520 1627 1645 1674 pium.

467 1761 526 1797 74,
552 1760 587 1793 l:
631 1756 700 1793 Cui
716 1756 870 1804 faveam
885 1757 1040 1803 potius?
1083 1755 1201 1797 Caeli,
1225 1754 1308 1790 tibi:
1334 1765 1422 1788 nam
1444 1757 1509 1789 tua
1530 1753 1635 1789 nobis

716 1824 899 1871 Perfecta
919 1825 1085 1870 exigitur
1106 1824 1219 1858 unica
1240 1823 1417 1857 amicitia.

524 1914 578 1953 lta
610 1914 653 1953 D.
688 1914 717 1953 L
748 1913 866 1952 habet
895 1918 951 1951 est
980 1915 1100 1960 ryitm·
1127 1916 1194 1950 est.
1246 1909 1506 1949 Seribendum
1539 1921 1625 1948 esse
1657 1909 1828 1947 videtur:
1862 1908 2132 1957 Perspecto

412 1985 591 2021 eximie
621 1988 693 2021 est
720 1984 840 2020 wiica
870 1983 1061 2028 amicitia,
1100 1980 1148 2018 cf.
1177 1983 1247 2024 43,
1279 1984 1299 2020 1
1340 1984 1450 2027 teque
1480 1979 1578 2017 adeo
1613 1979 1755 2016 eximie
1793 1977 1920 2015 taedis
1949 1975 2133 2023 felicibus

412 2056 536 2089 aucte.

469 2180 532 2218 76,
555 2179 593 2212 3;
634 2176 781 2213 Multus
801 2177 909 2212 homo
930 2181 986 2212 est
1007 2176 1109 2211 Naso
1130 2185 1199 2211 nee
1220 2179 1339 2210 tecam
1362 2175 1500 2209 mattas
1520 2173 1628 2209 homo
1649 2173 1718 2208 secl

720 2246 942 2280 Descendit:
964 2244 1079 2286 Naso,
1103 2245 1242 2278 mattas
1262 2253 1302 2278 es
1323 2248 1358 2278 et
1377 2242 1567 2288 pathicus.

527 2334 573 2372 Vt
612 2334 880 2383 quaestionem
913 2333 961 2371 de
993 2344 1088 2370 voce
1119 2334 1280 2379 multus7
1321 2343 1436 2381 quam
1467 2342 1562 2368 nuni
1595 2327 1808 2367 defendere
1838 2326 1954 2365 liceat
2000 2326 2131 2365 admo-

415 2401 508 2440 dum
545 2401 701 2446 duhito,
740 2403 780 2439 in
818 2401 1041 2452 praesentia
1079 2401 1250 2444 mittam,
1299 2403 1430 2437 cetera
1466 2399 1518 2436 ita
1559 2396 1767 2435 scribenda
1807 2408 1894 2434 esse
1932 2395 2131 2433 videntur:

416 2482 486 2509 nec
510 2472 661 2508 sotum
686 2471 827 2507 multus
852 2470 962 2507 homo
984 2469 1055 2506 scd
1076 2468 1134 2506 Se
1165 2467 1353 2511 vendit,
1385 2467 1433 2504 cf.
1459 2470 1530 2509 74,
1555 2468 1607 2507 30
1638 2476 1724 2503 cnm
1746 2475 1871 2513 puero
1891 2464 1990 2502 bello
2003 2473 2132 2512 prae—

415 2550 548 2577 conem
577 2540 646 2585 qui
674 2537 776 2575 videt
803 2548 884 2574 6336
919 2536 1022 2582 Ouid
1049 2536 1189 2574 credat
1218 2536 1296 2572 nisi
1325 2546 1365 2572 se
1394 2534 1562 2572 vendere
1591 2530 1828 2581 discupere?

474 2667 528 2705 76,
554 2667 610 2699 17;
646 2662 722 2699 Cur
744 2674 817 2698 non
839 2663 974 2698 divitiis
998 2662 1175 2697 Croesum
1196 2670 1385 2707 superare
1401 2661 1504 2707 potis
1524 2661 1584 2702 sit,

733 2730 810 2766 Vno
832 2731 898 2776 qui
917 2732 954 2765 in
975 2730 1076 2766 salta
1098 2729 1260 2764 totnzoda
1280 2730 1484 2775 possideat.

530 2819 771 2859 Vocabulum
799 2819 968 2857 totmoa'a
999 2830 1019 2855 a
1041 2817 1290 2855 Laelnnanno
1321 2817 1367 2855 ad
1390 2817 1616 2855 Lucretium
1648 2828 1684 2866 p.
1712 2819 1789 2858 187
1820 2815 1905 2852 iure
1935 2811 2132 2864 improba-

418 2894 501 2927 tum
531 2890 585 2926 ita
615 2886 893 2937 corrigendum
926 2890 1003 2929 est,
1036 2889 1080 2923 ut
1109 2885 1322 2923 scribatur:
1357 2890 1423 2923 tot
1450 2887 1595 2931 bona,
1628 2884 1676 2922 ef.
1710 2882 1757 2921 de
1780 2881 1915 2920 eodem
1937 2880 2133 2919 Mentulae

421 2956 519 2995 saltu
551 2960 622 3000 76,
657 2961 707 2998 10
740 2957 808 3003 qui
836 2959 887 2993 tot
914 2965 979 2992 res
1007 2955 1045 2990 in
1078 2954 1264 2991 sehabet
1293 2956 1485 3002 eqreqias.
