2330 3606
594 171 637 208 IN
666 171 938 208 SCRIPTORVM
969 172 1228 209 GRAECORVM
1259 172 1369 208 VITIS
1401 173 1629 209 HAVSERIT.
1891 169 1970 210 149

266 285 458 336 tragoedia
490 283 672 334 Diogenis
700 282 950 322 Atheniensis
981 283 1153 322 confusis
1176 284 1237 335 (cf.
1262 283 1438 321 Meiueke
1458 283 1593 335 philol.
1619 296 1746 324 exerc.
1771 286 1810 323 in
1828 284 1966 324 Athen.

264 354 279 391 l
311 366 348 404 p.
381 356 432 394 46
463 349 547 402 sq.).
610 351 770 389 eaedem
800 362 892 388 vero
923 356 1074 402 septem
1105 350 1327 400 tragoediae
1367 356 1648 390 enumerantur
1685 365 1707 391 a
1735 352 1890 391 Laertio
1922 352 1969 390 VI

265 423 316 462 80
346 421 385 458 in
415 421 488 457 vita
520 419 702 469 Diogenis
732 419 856 470 cynici
886 418 1034 457 adnexa
1065 419 1263 457 mentione
1285 418 1429 469 Satyri,
1463 419 1529 469 qui
1560 431 1624 457 eas
1656 421 1852 458 confectas
1884 431 1970 458 esse

263 501 283 527 a
314 488 483 536 Diogene.
514 491 647 536 negat,
681 485 881 524 contendit
911 499 931 524 a
960 485 1129 525 Philisco
1158 486 1364 535 Aegineta‚
1398 486 1582 535 Diogenis
1613 488 1750 525 amico.
1790 487 1968 526 fereban-

264 561 326 593 tur
362 555 481 604 igitur
517 554 592 592 iam
636 554 763 605 Satyri
800 558 925 592 aetate
961 555 1002 592 in
1039 552 1286 592 bibliothecis
1302 551 1350 603 37)
1391 553 1463 591 hae
1501 558 1651 604 septem
1690 553 1844 592 fabulae
1890 567 1969 593 am-

262 622 401 672 biguae
431 622 684 660 auctoritatis.

372 689 637 739 Reperiuntur
669 700 759 727 vero
782 688 826 727 ad
853 689 1032 727 ordinem
1053 688 1273 727 litterarum
1303 688 1514 739 dispositae
1547 688 1700 727 tabulae
1730 689 1769 726 in
1801 690 1965 727 notatio-

261 756 375 794 nibus
407 756 547 794 Suidae
579 756 799 807 epicorum,
826 758 1083 806 tragicorum,
1107 757 1365 800 comicorum,
1388 761 1595 807 poetarum
1617 755 1784 805 denique
1806 755 1968 805 μέτρων

261 822 497 873 διαφόρων,
525 823 667 862 desunt
687 823 912 875 lyricorum,
947 835 1045 873 quos
1065 836 1180 861 nemo
1203 822 1452 867 desiderabit,
1482 824 1550 874 qui
1578 825 1818 874 reputaverit
1843 829 1880 861 et
1903 836 1967 873 ge-

261 904 334 929 nus
356 891 494 943 lyrices
524 903 689 942 poeseos
711 890 777 929 tali
807 891 935 929 ordini
964 891 1198 942 plerumque
1228 903 1307 930 non
1333 903 1417 929 esse
1448 890 1787 929 accommodatum
1814 896 1851 929 et
1882 904 1966 929 car-

260 960 363 997 mina
392 958 512 1011 lyrica
542 971 561 997 a
594 958 826 997 Callimacho
857 959 897 996 in
927 956 1090 999 πίναξιν
1133 963 1249 1009 atque
1291 971 1311 996 a
1343 960 1484 998 ceteris
1514 959 1776 1009 grammaticis
1805 958 1969 997 Alexan-

261 1026 385 1077 drinis
416 1038 462 1064 ex
493 1030 724 1076 argumento
756 1026 940 1077 disposita
973 1027 1094 1065 fuisse
1127 1026 1227 1077 (vide
1257 1025 1389 1077 philol.
1423 1026 1507 1064 XVI
1538 1039 1575 1077 p.
1610 1029 1689 1068 661
1722 1025 1810 1077 sq.).

372 1094 401 1132 E
412 1095 633 1145 picorum
664 1094 822 1144 quidem
852 1095 926 1132 tria
957 1093 1083 1132 solum
1116 1098 1248 1132 extant
1279 1094 1455 1145 exempla
1485 1095 1690 1132 manifesta
1720 1093 1841 1132 haece
1854 1090 1921 1143 3S):

289 1175 317 1199 s.
352 1173 384 1199 v.
425 1159 614 1202 Ἡςίοδος
631 1193 663 1199 ..
686 1160 895 1210 ποιήματα
916 1160 960 1200 δ’
980 1159 1110 1201 αὐτοῦ
1131 1162 1282 1201 ταῦτα·
1311 1159 1533 1209 Θεογονία,
1556 1160 1684 1211 Ἔργα
1703 1159 1769 1200 καὶ
1788 1159 1970 1210 Ἡμέραι,

428 1226 585 1276 Ἀςπίς,
629 1225 853 1269 Γυναικῶν
875 1227 1072 1279 ἡρωινῶν
1093 1228 1329 1277 κατάλογος
1360 1228 1405 1269 ἐν
1429 1227 1600 1279 βιβλίοις
1621 1224 1671 1269 ε’.
1705 1224 1969 1277 Ἐπικήδειον

427 1294 483 1336 εἰς
515 1295 732 1346 Βάτραχον
762 1309 873 1345 τινα,
911 1295 1127 1347 ἐρώμενον
1167 1295 1323 1344 αὐτοῦ,
1366 1295 1461 1346 περὶ
1495 1297 1582 1336 τῶν
1613 1293 1775 1336 Ἰδαίων
1807 1294 1972 1335 Δακτύ-

425 1363 514 1404 λων
545 1363 610 1403 καὶ
639 1361 747 1403 ἄλλα
774 1363 926 1404 πολλά.

286 1445 316 1470 s.
349 1443 381 1470 v.
428 1429 723 1481 Νίκανδρος..
752 1430 913 1482 ἔγραψε
945 1430 1149 1481 Θηριακά,
1186 1429 1536 1481 Ἀλεξιφάρμακα.
1579 1428 1821 1481 Γεωργικὰ,
1855 1428 1969 1472 Ἑτε-

424 1498 688 1548 ροιουμένων
738 1498 871 1550 βιβλία
915 1499 965 1548 ε’,
1014 1497 1183 1540 Ἰάςεων
1233 1498 1505 1548 ςυναγωγήν,
1558 1495 1864 1549 Προγνωςτικὰ
1910 1499 1969 1539 δι’

425 1565 543 1607 ἐπῶν
583 1566 941 1618 (μεταπέφραςται
979 1567 1025 1607 δ’
1063 1566 1109 1607 ἐκ
1145 1568 1232 1608 τῶν
1271 1566 1570 1617 Ιπποκράτους
1608 1566 1965 1617 προγνωςτικῶν),

425 1633 520 1683 περὶ
549 1632 824 1684 Χρηςτηρίων
856 1635 1031 1676 πάντων
1055 1634 1104 1685 (.)
1139 1633 1272 1685 βιβλία
1301 1632 1338 1682 γ’
1368 1647 1434 1674 και
1463 1632 1573 1674 ἄλλα
1602 1635 1772 1674 πλεῑςτα
1803 1633 1967 1674 ἑπικῶς.

257 1703 297 1740 111
329 1707 493 1752 unaque
525 1702 656 1741 tabula
685 1703 795 1742 libiis
825 1702 929 1742 κατὰ
959 1703 1165 1753 ςτοιχεῑον
1203 1702 1392 1742 01dinatis
1428 1703 1644 1753 praemissa
1685 1708 1744 1741 est
1779 1704 1967 1742 memolia

257 1893 392 1924 tabulis
411 1893 561 1924 deberi'
552 1904 625 1925 iam
642 1894 790 1926 verbum
808 1893 961 1927 ςώζεται
978 1893 1162 1933 ostendit),
1181 1894 1258 1925 vita
1271 1893 1444 1945 AeschJIi
1460 1894 1477 1925 Ι
1494 1904 1527 1926 v.
1544 1895 1584 1925 15
1604 1892 1651 1935 (p.
1667 1895 1687 1925 6
1704 1893 1757 1926 ed.
1772 1893 1939 1952 Dindoimf
1944 1894 1970 1935 )‚

256 1939 319 1970 ubi
344 1939 571 1970 scribendum
597 1950 677 1971 esse
703 1939 810 1971 duco:
837 1937 985 1980 ἑποίηςε
1010 1938 1049 1971 δὲ
1073 1937 1239 1980 δράματα
1265 1934 1295 1970 o'
1321 1948 1379 1970 και
1404 1937 1464 1971 ἐπὶ
1488 1937 1639 1971 τούτοις
1665 1938 1874 1979 ςατυρικὰ··
1900 1938 1967 1979 (111-

257 1983 403 2014 tercidit
428 1984 636 2024 numer,us)
672 1982 859 2025 ἀμφίβολα
884 1983 1007 2017 πέντε
1050 1984 1114 2016 sed
1141 1984 1265 2015 eodem
1297 1984 1374 2015 iure
1399 1985 1535 2025 poteris
1561 1988 1597 2015 et
1621 1984 1773 2015 debebis
1799 1985 1967 2016 conicere

256 2038 416 2060 semsum
449 2039 528 2060 esse
561 2034 773 2061 enumerata
804 2030 969 2061 dramata
1001 2027 1204 2070 ἀμφίβολα,
1243 2028 1528 2070 ἀντιλεγόμενα,
1567 2028 1834 2069 νενοθευμένα,
1874 2028 1968 2061 νόθα

257 2074 337 2106 coll.
354 2074 431 2105 vita
449 2074 620 2115 Aeschyli
644 2075 666 2107 l.
685 2085 712 2108 s.
738 2075 815 2107 vita
832 2075 1015 2116 Euripidis
1042 2074 1064 2105 1.
1084 2085 1125 2112 s.‚
1151 2077 1340 2115 utrumque
1367 2085 1568 2115 perperam.
1613 2085 1695 2105 nam
1720 2076 1759 2105 in
1783 2075 1966 2106 indicibus

256 2119 461 2150 fabularum
484 2119 769 2161 Aeschylearum
795 2120 929 2151 codicis
958 2119 1117 2151 Medicei
1143 2119 1190 2160 (p.
1217 2121 1236 2151 9
1263 2119 1316 2152 ed.
1342 2119 1530 2160 Dindorf.)
1566 2124 1601 2151 et
1625 2119 1905 2161 Euripidearum
1930 2120 1968 2151 in

255 2174 432 2196 marmore
457 2164 598 2196 Albano
625 2164 920 2205 (XVinckelmann
944 2175 1099 2196 monum.
1125 2164 1221 2195 ined.
1239 2165 1313 2202 168,
1341 2164 1380 2196 C.
1406 2165 1434 2198 I.
1462 2164 1504 2196 G.
1529 2165 1630 2203 6047)
1657 2168 1692 2195 et
1717 2164 1882 2195 dramata
1908 2175 1967 2196 sa-

255 2209 371 2240 tvrica
395 2209 433 2240 in
458 2209 618 2241 ordinem
643 2214 794 2252 recepta
819 2209 1227 2250 311111,νο[111;Αεε(311γ11
1254 2207 1363 2250 Κίρκη
1389 2207 1572 2250 ςατύρική,
1600 2208 1715 2248 Λέων,
1742 2208 1968 2251 Λυκοῦργος,

254 2252 449 2294 Πρωτεύς,
477 2252 601 2295 (φίγξ,
629 2255 814 2296 Euripidis
841 2254 1068 2295 Αὐτόλυκος,
1095 2253 1278 2295 Βούςιρις,
1303 2252 1526 2295 Εὐρυςθεύς,
1556 2253 1717 2294 Κύκλωψ
1750 2259 1787 2285 et
1819 2255 1968 2287 fabul-ie

256 2303 461 2340 suspectae,
488 2300 588 2331 velut
612 2300 784 2351 Aeschyli
809 2298 976 2332 Αἰτναῑαι
1001 2299 1116 2332 νόθοι.
1146 2304 1351 2349 131⁸·aetelea
1377 2300 1424 2332 cf.
1451 2300 1581 2331 Suidas
1607 2310 1634 2332 s.
1660 2311 1691 2333 v
1717 2298 1907 2340 Πρατίνας
1935 2326 1966 2331 ..

255 2342 422 2384 δράματα
439 2342 504 2384 μὲν
521 2343 732 2378 ἐπεδείξατο
750 2340 793 2382 ν,
820 2344 879 2376 ὧν
910 2344 1082 2398 ςατυρικὰ
1100 2340 1165 2385 λβ’,
1190 2346 1267 2376 vit-a
1285 2344 1474 2386 Sophoclis
1492 2356 1525 2386 p.
1547 2347 1587 2376 12
1605 2356 1638 2376 v.
1659 2348 1675 2375 1
1703 2344 1759 2384 (in
1778 2344 1967 2385 Sophoclis

254 2389 429 2421 Electrae
449 2389 503 2420 ed.
523 2390 641 2429 Iahn.)
661 2389 734 2430 ε’χει
757 2389 796 2422 δὲ
820 2389 997 2431 δράματα,
1025 2390 1075 2422 ὥς
1093 2399 1203 2431 φηςιν
1230 2388 1496 2430 Ἀριςτοφάνης
1524 2390 1574 2430 (in
1600 2391 1868 2421 commentariis
1886 2390 1968 2421 Cal-

255 2434 515 2466 limacheorum
546 2433 748 2475 πινάκων),
775 2434 943 2476 δράματα
968 2434 1102 2467 ἑκατὸν
1132 2433 1353 2476 τριάκοντα,
1384 2434 1568 2466 τούτων
1593 2434 1632 2466 δὲ
1656 2434 1849 2467 νοθεύεται
1874 2434 1968 2467 επτά

258 2479 326 2519 (sic
351 2490 444 2511 corr.
469 2480 592 2521 Bergk
618 2490 742 2512 comm.
770 2481 814 2512 de
839 2482 917 2513 vita
942 2480 1131 2522 Sophoclis
1156 2491 1189 2522 p.
1216 2480 1426 2511 XXXVIIII
1458 2480 1538 2511 adn.
1568 2482 1629 2512 156
1658 2491 1722 2521 pro
1752 2479 1965 2520 δεκαεπτά),

254 2524 331 2556 vita
349 2525 533 2566 Euripidis
552 2525 567 2555 I
584 2535 616 2557 v.
637 2527 677 2557 31
696 2537 731 2567 p.
748 2526 814 2556 XV
816 2526 849 2556 II
868 2525 922 2557 ed.
941 2525 1155 2565 Kimhhoff„
1175 2535 1372 2566 anonymus
1391 2525 1434 2556 de
1454 2525 1642 2557 comoedia
1660 2537 1695 2567 p
1715 2526 1779 2557 535
1797 2535 1830 2556 ν.
1849 2527 1889 2556 21
1911 2525 1964 2556 ed.

255 2569 414 2600 Meinek
455 2570 593 2621 pariter
619 2571 713 2612 apud
739 2570 885 2602 Suidam
910 2580 936 2604 s
954 2581 988 2602 v.
1014 2569 1179 2602 Πλάτων
1202 2570 1406 2601 litterarum
1430 2570 1562 2602 seriem
1588 2573 1715 2602 tenent
1743 2574 1888 2611 pr=aete1
1912 2571 1963 2601 vi-

255 2615 350 2656 ginti
373 2618 453 2646 octo
479 2615 658 2655 genuinas
690 2615 836 2647 fabulas
867 2616 1065 2651 (numerum
1096 2616 1229 2647 Suidae
1260 2613 1426 2656 δράματα
1451 2614 1569 2647 αὐτοῦ
1595 2610 1652 2656 κη’
1684 2619 1803 2646 tuetur
1829 2625 1961 2654 anony-

255 2669 332 2691 mus
356 2661 435 2691 τῶν
458 2660 526 2700 τῆς
551 2657 702 2700 ἀρχαίας
728 2658 922 2701 κωμῳδίας
948 2669 1116 2702 ποιητων
1143 2659 1311 2700 ὀνόματα
1335 2659 1394 2692 καὶ
1419 2658 1586 2701 δράματα
1609 2661 1645 2691 111
1671 2660 1859 2691 Duebneri
1878 2660 1962 2690 edit.

255 2704 366 2736 schol.
398 2704 580 2746 Alistoph.
611 2716 644 2746 p.
670 2705 774 2736 XVII
802 2703 1011 2737 Πλάτωνος
1042 2703 1210 2746 δράματα
1240 2700 1317 2746 κη)
1349 2705 1461 2745 duae,
1495 2705 1538 2736 de
1565 2716 1714 2746 quarum
1746 2705 1962 2736 auctoritate

255 2749 510 2791 ambigebatur
535 2750 603 2789 (cf.
631 2750 882 2782 Volkmannl.
908 2760 936 2782 s.
960 2761 995 2791 p.
1021 2750 1086 2790 ·29)
1111 2748 1295 2782 Δαίδαλος
1322 2754 1358 2781 et
1382 2748 1734 2791 Cxeuai‚1eceptae
1767 2760 1833 2781 eae
1853 2751 1963 2780 etiam

254 2795 291 2825 in
322 2795 478 2826 indicem
504 2794 684 2836 duplicem
716 2794 987 2836 alphabeticum
1011 2795 1208 2827 Andronici
1232 2796 1269 2826 in
1294 2795 1457 2827 Bekkeri
1483 2796 1611 2829 anecd.
1639 2795 1697 2828 Gi.
1722 2795 1778 2826 ΠΙ
1802 2805 1836 2836 p.
1864 2795 1962 2835 1461,

255 2839 357 2870 cuius
381 2840 418 2870 in
442 2839 512 2871 fine
537 2840 663 2871 titulus
688 2837 803 2871 Φάων
826 2839 969 2871 videtur
984 2840 1225 2873 intercidisse.

343 2883 384 2924 37)
412 2884 578 2925 Satyrum
603 2884 828 2916 bibliotheca
851 2884 1100 2916 Alexandrina
1123 2895 1225 2916 usum
1251 2896 1329 2917 esse
1355 2886 1586 2925 coniecerim,
1614 2895 1693 2916 cum
1717 2883 1961 2915 Alexandriae

257 2939 335 2960 eum
353 2929 514 2961 scholam
531 2929 706 2961 habuisse
723 2929 964 2971 probabiliter
980 2930 1171 2962 Heckerus
1191 2940 1233 2961 ex
1250 2931 1363 2972 ipsius
1380 2931 1590 2962 narratione
1610 2930 1652 2961 de
1670 2929 1789 2971 phylis
1806 2928 1961 2959 Alexan-

256 2973 367 3005 drinis
387 2974 482 3016 apud
497 2974 736 3016 Theophilum
762 2975 806 3005 ad
821 2974 1035 3014 Autolycum
1052 2975 1089 3006 ΙΙ
1107 2977 1126 3006 7
1146 2974 1310 3007 effecerit
1327 2976 1378 3014 (in
1395 2975 1578 3018 philologo
1596 2975 1626 3005 V
1642 2974 1776 3016 p.43·2)‚
1797 2974 1960 3014 quamvis

255 3023 354 3050 recte
379 3020 570 3060 negaverit
593 3020 782 3051 Nauckius
807 3019 894 3050 ibid.
913 3030 947 3060 p.
965 3020 1029 3051 69ss
1054 3021 1263 3052 necessario
1288 3021 1410 3053 verbis
1427 3019 1622 3061 Theophili
1647 3018 1830 3059 singulare
1850 3018 1959 3059 quod-

257 3063 337 3094 dam
361 3065 532 3106 scriptum
558 3065 680 3106 Satyri
705 3065 748 3096 de
773 3064 892 3106 phylis
916 3063 1170 3096 Alexandrinis
1195 3065 1409 3106 significari.

274 3101 288 3130 ’θ
344 3106 384 3148 38)
407 3109 609 3141 litterarum
635 3110 751 3141 ordini
775 3119 846 3140 non
871 3112 1075 3150 repugnant
1097 3109 1195 3140 tituli
1211 3121 1237 3143 s.
1256 3121 1288 3142 v.
1313 3109 1501 3142 Πανύαςις
1520 3112 1555 3140 et
1570 3106 1775 3147 Εὔμολπος.
1801 3112 1961 3140 ceterum

258 3160 349 3191 quae
367 3163 475 3195 supra
492 3155 620 3196 scripsi
644 3154 853 3187 testimonia
879 3155 1062 3196 epicorum
1091 3158 1238 3196 praeter
1261 3155 1461 3187 Hesiodum
1492 3155 1564 3185 iam
1598 3154 1782 3194 congessit
1808 3153 1959 3186 Schnei-

257 3196 362 3228 derus
385 3197 409 3231 l.
434 3209 460 3229 s.
485 3209 518 3240 p.
546 3201 601 3231 15.
