2330 3606
506 163 545 200 H.
575 165 615 200 A.
646 162 779 199 ROCH:
811 162 1109 199 CONIECTANEA
1137 162 1179 198 IN
1208 162 1375 198 POETAS
1403 162 1596 199 LATINUS.
1818 157 1898 199 351

192 276 337 326 gnitate
368 274 603 317 laborarent,
638 273 787 312 etiamsi
808 272 934 311 Latini
966 273 1158 311 sermonis
1189 272 1430 311 consuetudo
1461 285 1594 311 voe-em
1626 274 1749 320 (liqna
1781 273 1898 322 signi-

192 344 309 381 ficare
338 345 374 380 εἰ
397 343 519 389 diqna
543 353 644 379 esses
672 345 885 392 pateretur.
938 341 1071 390 Itaque
1094 339 1343 378 scribendum
1377 345 1454 378 est:
1489 341 1572 378 Non
1595 338 1665 378 es?
1693 343 1901 379 ammisso

191 413 355 458 eom'uqe
383 411 399 447 i
405 421 431 447 u
439 421 462 446 r
471 421 491 447 e
517 408 640 456 fores.

250 514 356 549 Trist.
379 517 418 552 4,
446 516 484 552 7,
506 515 544 546 7:
578 511 654 547 Cur
675 513 808 547 tociens
829 512 944 547 alicui
962 511 1120 547 chartae
1142 521 1213 545 succ
1235 511 1384 546 vincula
1406 512 1561 556 dempsi,

662 578 772 614 Illam
793 579 945 624 ploravi
964 588 1098 615 nomen
1118 578 1258 613 habere
1281 583 1410 613 tuum?

302 655 525 700 Merkelius‚
560 656 625 705 qui
657 657 763 694 {oties
792 657 953 703 sperari
977 655 1082 693 idem
1113 666 1200 693 esse
1224 654 1303 692 vult
1335 654 1437 704 quod
1464 654 1623 701 frustra
1653 656 1821 702 speravi,
1854 655 1900 693 de

193 737 378 763 versuum
415 723 584 761 duorum
622 735 724 760 nexu
766 734 950 766 securus,
994 734 1072 761 non
1110 722 1234 772 magis
1272 723 1479 772 quiequam
1516 722 1682 773 profecit
1722 733 1836 771 quam
1876 723 1902 759 ii

192 793 258 841 qui
287 793 460 840 quotiens
491 791 748 841 scripserunt,
782 802 829 828 eo
853 789 1046 828 facilitatis
1065 791 1289 841 -progressi,
1325 795 1365 827 ut
1386 791 1453 828 nni
1475 791 1557 828 voci
1587 801 1752 839 sperare
1783 790 1899 839 signi-

191 860 408 897 ficationem
444 858 605 905 frustra
635 869 800 906 sperare
835 857 1067 895 tribuerent.
1135 857 1215 896 Nee
1254 858 1287 895 si
1324 859 1410 907 quis
1448 857 1629 896 facillima
1671 857 1902 895 emendandi

192 939 311 977 opera
342 926 502 975 defungi
530 937 648 976 posse
679 924 753 963 sibi
776 923 968 962 videbitur
988 936 1082 963 voce
1112 927 1221 963 illam
1251 926 1291 963 in
1316 925 1477 972 frustra
1498 931 1654 969 mutata,
1687 926 1900 963 sententiae

192 994 419 1037 satisfaciet,
454 993 558 1042 quod
588 993 664 1031 iam
697 992 864 1043 demptis
896 991 1051 1031 chartae
1083 992 1246 1031 vinculis
1275 1005 1354 1030 non
1385 993 1551 1043 amplius
1583 1005 1799 1043 speramus,
1834 992 1902 1030 sed

191 1066 279 1100 ante
310 1061 461 1100 vincula
492 1061 646 1112 dempta
678 1073 766 1098 cum
796 1060 946 1098 litteras
977 1061 1201 1111 accipimus.
1262 1061 1397 1110 Itaque
1430 1061 1680 1099 scribendum
1713 1065 1789 1098 est:
1825 1060 1904 1097 Cui·

191 1131 415 1177 quotiens
445 1130 569 1167 alicui
590 1129 753 1167 elzarlae
782 1140 853 1166 sua
883 1130 1038 1166 vincula
1070 1129 1231 1177 dempsi,
1257 1129 1451 1167 Nullam
1476 1131 1637 1178 plorare*
1663 1139 1798 1166 nomen
1822 1128 1901 1165 lca-

190 1197 279 1235 bere
304 1194 439 1234 tecum?

248 1300 354 1336 Trist.
378 1302 418 1339 5,
442 1301 457 1332 1
472 1327 479 1338 ,
504 1302 564 1334 15:
595 1299 761 1335 Delicias
781 1301 815 1334 si
834 1301 918 1345 quis
938 1300 1154 1346 lascivaque
1175 1302 1349 1335 carmina
1370 1303 1538 1347 qinei‘rit,

683 1367 919 1403 praemoneo
941 1379 1145 1413 numquam
1168 1369 1311 1413 scripta
1334 1370 1434 1414 quod
1453 1370 1521 1404 isle
1542 1370 1651 1415 lessal.

596 1434 730 1481 Aptior
749 1435 837 1470 huic
860 1435 990 1471 Gallus
1011 1436 1212 1482 blandique
1233 1436 1459 1482 Propertius
1481 1438 1558 1471 oris

680 1503 731 1538 Et
745 1504 881 1548 plures
902 1514 1064 1549 quorum
1086 1505 1237 1539 nomina
1259 1515 1397 1550 magna
1421 1505 1552 1550 vigyent.

300 1579 407 1620 Alter
444 1579 584 1618 horum
623 1591 809 1618 versuum
849 1579 996 1618 dudum
1035 1593 1106 1631 pro
1139 1580 1346 1631 desperato
1388 1579 1542 1619 habitus
1583 1587 1660 1626 est,
1701 1594 1789 1620 cum
1829 1594 1900 1620 nec

184 1658 422 1697 praemoneo
458 1659 528 1685 cur
565 1646 651 1685 loco
692 1647 878 1698 simplicis
915 1658 1048 1686 moneo
1086 1649 1259 1699 positum
1299 1649 1348 1686 sit
1385 1648 1659 1698 intellegatur,
1699 1662 1770 1687 nec
1800 1650 1904 1697 quod

190 1715 308 1755 ullam
339 1715 608 1753 defensionem
638 1713 790 1753 habeat.
852 1715 1009 1753 Accedit
1040 1715 1164 1765 quod,
1205 1722 1248 1753 ut
1278 1715 1516 1754 Binsfcldius
1550 1717 1671 1768 (mus.
1705 1716 1814 1755 rhen.
1850 1721 1900 1758 14

189 1797 226 1836 p.
252 1782 316 1833 30)
350 1788 455 1821 recte
485 1787 629 1826 monet,
661 1788 788 1833 poeta,
822 1784 887 1832 qui
917 1784 993 1821 iam
1025 1784 1296 1821 affirmavisset
1324 1785 1364 1821 in
1397 1790 1475 1822 toto
1509 1797 1579 1822 suo
1602 1786 1772 1823 carmine
1805 1784 1901 1822 nihil

190 1850 304 1889 dulce
335 1851 537 1888 inventum
567 1850 634 1893 iri,
674 1849 937 1888 insulsissime
976 1849 1038 1888 hic
1075 1851 1218 1889 iterum
1259 1858 1499 1890 asseveraret
1532 1852 1690 1891 delicias
1728 1854 1767 1890 in
1799 1852 1900 1890 libro

190 1931 261 1957 suo
292 1930 370 1956 non
402 1930 489 1956 esse
520 1917 776 1967 quaerendas.
829 1917 929 1956 Sane
959 1922 1039 1955 toto
1071 1930 1187 1956 versu
1220 1920 1364 1969 optime
1396 1931 1531 1957 carere
1562 1932 1678 1970 posse
1710 1919 1898 1963 videmur,

191 1987 335 2037 quippe
357 1998 433 2036 qno
455 1990 607 2023 remoto
632 1986 823 2024 sententia
845 1987 1043 2036 aptissime
1066 1984 1291 2030 cohaereat;
1315 1986 1382 2025 sed
1406 1999 1493 2025 cum
1515 1988 1711 2025 removeri
1732 1992 1902 2036 nequeat

191 2054 274 2091 sine
300 2054 491 2104 proximo,
526 2054 592 2103 qui
615 2059 673 2091 est
705 2052 1032 2103 elegantissimus,
1065 2054 1290 2098 Binsfeldio,
1324 2056 1661 2105 priusquamtam
1693 2054 1898 2093 violentam

189 2120 393 2159 medellam
434 2121 644 2171 arriperet,
685 2126 774 2158 ante
812 2121 940 2159 omnia
979 2121 1025 2158 de
1058 2121 1291 2160 emendandi
1329 2124 1479 2160 ratione
1520 2122 1766 2172 cogitandum
1805 2129 1898 2161 erat.

190 2187 444 2227 Restituenda
484 2193 543 2226 est
582 2189 682 2226 enim
722 2194 861 2238 poetae
902 2201 1041 2227 manus
1079 2190 1117 2227 in
1158 2189 1261 2228 hunc
1300 2190 1479 2228 modum:
1527 2191 1698 2228 Delicias
1740 2193 1775 2228 si
1817 2193 1902 2239 {sicis

188 2258 411 2305 lascivaque
439 2258 619 2294 εανῃιῖηα
647 2258 802 2304 qucere'l
842 2278 887 2282 —-
940 2257 1036 2294 rae
1073 2259 1271 2303 misero,
1311 2260 1489 2305 quisqu
1502 2269 1572 2295 am
1610 2261 1758 2306 scrt'pla
1798 2259 1903 2306 quod

189 2325 262 2362 ista
289 2325 396 2371 leym}
428 2345 473 2350 —-
499 2325 637 2371 Αρῑὶω·
665 2324 756 2362 huie
784 2324 920 2361 Gallus
948 2325 1159 2371 blandique
1180 2326 1408 2373 Properle'us
1432 2328 1522 2363 oris.
1571 2325 1790 2364 Referenda
1813 2339 1900 2365 esse

189 2390 285 2430 haec
315 2391 361 2430 ad
392 2390 573 2429 invidiam
605 2396 687 2429 arte
718 2392 757 2429 in
792 2396 948 2442 poetam
988 2391 1165 2431 collatam
1203 2404 1281 2430 non
1322 2398 1381 2431 est
1420 2393 1522 2442 quod
1554 2405 1745 2432 moneam.
1800 2394 1898 2432 Con-

188 2459 249 2497 fer
280 2470 379 2508 quae
410 2463 629 2508 sequuntur
660 2470 693 2497 v,
727 2461 779 2500 20
816 2461 853 2497 6ἱ
880 2460 977 2497 milei
999 2471 1072 2498 cm·
1102 2471 1285 2508 umquam
1316 2460 1436 2498 Musa
1467 2463 1593 2499 iocata
1623 2473 1708 2499 mea
1739 2467 1806 2499 est.

246 2563 353 2601 Trist‚
376 2564 415 2602 5,
440 2564 476 2601 1,
498 2564 559 2596 23:
591 2561 700 2605 Quod
719 2567 913 2608 superest,
936 2564 1081 2599 (enimes
1103 2565 1153 2599 ad
1169 2565 1322 2609 publica
1343 2566 1514 2600 carmina
1534 2566 1641 2611 sleoei,

671 2630 721 2665 Ec
742 2640 924 2666 memores
943 2631 1040 2667 iussi
1057 2633 1216 2667 nominis
1235 2643 1317 2668 esse
1338 2633 1419 2667 mei.

299 2707 459 2754 publica
489 2708 670 2743 carmina
701 2705 749 2744 de
780 2706 922 2755 quibus
952 2707 1073 2746 multa
1103 2710 1313 2747 commenti
1344 2715 1433 2747 sunt
1471 2709 1543 2747 viri
1581 2708 1703 2753 docti,
1739 2715 1846 2748 reete
1878 2722 1898 2748 a

191 2773 353 2812 Loersio
386 2785 433 2811 ex
463 2778 573 2823 parte
605 2785 693 2810 cum
725 2774 899 2813 Ciol'anio
931 2787 975 2813 ea
1006 2775 1102 2819 dici,
1145 2787 1243 2825 quae
1282 2776 1328 2815 ab
1361 2777 1544 2815 omnibus
1576 2778 1659 2815 sine
1690 2789 1790 2815 noxa
1820 2777 1898 2826 legi

190 2841 354 2891 possint,
385 2845 542 2890 praeter
573 2839 702 2878 locum
735 2840 890 2892 abipso
922 2841 1079 2881 allatum
1111 2855 1198 2894 epp.
1233 2857 1278 2882 ex
1310 2844 1433 2882 Ponto
1465 2848 1502 2888 4,
1538 2847 1600 2888 13,
1631 2849 1654 2886 5
1687 2844 1828 2882 docent
1858 2844 1898 2881 hi

192 2907 287 2946 loci:
321 2909 414 2946 artis
439 2912 473 2952 1,
508 2912 587 2949 144
617 2913 653 2946 el
679 2915 857 2946 moveant
881 2911 1030 2957 primos
1045 2910 1208 2959 publica
1239 2912 1357 2949 verba
1386 2922 1508 2955 sonos,
1542 2917 1579 2949 et
1610 2923 1681 2948 am.
1717 2914 1752 2954 3,
1778 2917 1813 2955 7,
1847 2915 1897 2952 12

190 2980 228 3013 et
255 2986 356 3022 quae
383 2980 595 3023 praeterea
621 2976 781 3023 publica
811 2977 929 3015 verba
957 2978 1104 3015 iuvant.
1165 2978 1276 3023 Quod
1307 2979 1340 3017 si
1369 2980 1421 3017 ita
1452 2985 1529 3023 est,
1571 2992 1640 3016 eur
1670 2984 1783 3028 poeta
1815 2980 1895 3016 ani-

192 3053 277 3079 mos
306 3043 475 3080 nominis
507 3043 567 3080 sui
597 3054 792 3081 memores
824 3056 911 3082 esse
941 3043 1084 3088 iubeat,
1116 3045 1232 3084 velim
1254 3046 1488 3096 explicetur;
1523 3045 1736 3083 cavendum
1765 3047 1897 3096 potius

195 3113 295 3152 erat,
336 3120 386 3146 ne
423 3110 540 3147 animi
577 3109 623 3149 ad
663 3111 815 3148 saniora
852 3109 943 3148 flexi
979 3112 1020 3149 in
1056 3113 1266 3162 pristinum
1303 3115 1435 3151 vitium
1468 3112 1700 3151 reciderent.
1762 3112 1897 3163 Itaque

194 3173 444 3214 scribendum
475 3182 552 3215 est:
586 3176 637 3215 Et
661 3188 845 3216 memores
871 3180 966 3216 iussi
990 3181 1217 3218 criminis
1245 3192 1326 3219 esse
1350 3182 1436 3218 mei.
