2330 3606
530 169 569 204 H.
599 170 639 204 A.
671 168 805 204 KOCH:
838 168 1135 204 CONlECTANEA
1165 167 1208 203 IN
1237 168 1405 204 POETAS
1436 168 1629 204 LATINUS.
1847 164 1929 205 349

334 279 406 318 Hic
436 291 525 318 cum
556 278 689 317 codice
721 278 931 317 Dresdensi
963 277 1214 317 scribendum
1246 289 1331 316 esse
1361 280 1604 325 cecinere,
1646 278 1760 317 docet
1790 278 1929 317 Catulli

223 351 294 391 54,
318 349 370 388 26
408 348 589 385 carmina
618 347 749 384 divino
772 348 998 384 cecinerim!
1020 351 1178 395 pectore
1205 346 1384 390 Parvae,-
1414 347 1461 384 cf.
1486 347 1600 384 etiam
1624 358 1710 397 epp.
1737 358 1781 384 ex
1804 346 1927 384 Ponto

224 419 259 458 1,
293 417 329 459 2,
364 417 443 456 134
480 418 517 453 et
544 415 670 452 cecim‘
694 413 830 461 fausco
856 415 1037 451 carmina
1067 414 1190 461 diona
1220 418 1315 451 toro.

278 528 385 564 Trist.
407 530 446 568 3,
468 531 506 567 4,
532 531 590 563 11:
623 528 770 574 Aspicis
793 533 832 563 ut
851 539 997 564 summa
1018 533 1152 564 cortex
1171 528 1261 563 levis
1281 528 1425 563 innatet
1446 529 1548 563 unda.
1562 556 1569 569 ‚

708 595 797 632 Cum
817 606 933 642 yrave
954 606 1057 631 nexa
1072 597 1190 631 simul
1209 597 1307 630 retia
1328 600 1474 642 mergat
1495 605 1600 631 onus.

329 683 401 722 Hic
432 696 504 722 nee
534 684 667 734 liquet,
701 696 770 722 eur
801 685 910 728 retia,
944 696 1042 734 quae
1072 695 1284 733 numquam
1316 695 1395 722 non
1427 695 1524 721 nexa
1557 684 1644 727 sint,
1677 682 1926 732 singulariter

217 751 292 789 hoc
322 751 583 790 additamento
614 752 884 801 insigniantur‚
918 757 954 790 et
985 752 1175 790 sententia
1205 751 1437 802 postulatur,
1471 762 1546 800 qua
1577 751 1707 789 oneris
1737 750 1841 788 illius
1871 751 1926 788 vis

218 819 341 869 magis
380 820 495 858 etiam
533 819 739 858 indicetur.
798 819 934 868 Itaque
973 818 1210 858 scribemus:
1262 819 1355 857 Cum
1385 830 1509 866 orave
1550 823 1646 856 tota
1679 820 1794 856 simul
1827 820 1926 856 retla

215 892 367 934 mergat
394 898 503 926 onus.

273 1001 381 1037 Trist.
403 1003 440 1042 3,
464 1004 524 1042 12,
549 1004 585 1037 1:
616 1003 780 1050 Frigora
801 1002 876 1037 iam
897 1002 1059 1048 zephyri
1078 1004 1262 1045 minuunt,
1286 1012 1459 1048 annoque
1476 1006 1636 1047 peracto

700 1070 864 1116 Longior
885 1071 1049 1116 antiquis
1070 1071 1149 1106 visa
1170 1069 1330 1105 Maeotis
1350 1070 1477 1105 hiems.

325 1157 396 1196 Hie
426 1158 595 1209 primum
629 1157 705 1196 duo
745 1159 943 1197 enuntiata
978 1159 1139 1207 frigora
1170 1159 1336 1208 zephyri
1364 1160 1544 1196 minuunt
1582 1162 1620 1195 et
1656 1159 1810 1206 longior
1840 1159 1922 1195 visa

212 1225 333 1263 hiems
363 1230 439 1264 tam
471 1225 614 1263 diversi
644 1226 801 1275 generis
833 1238 919 1265 esse
950 1226 1149 1265 fatendum
1182 1232 1253 1270 est,
1286 1231 1330 1264 ut
1359 1225 1467 1264 nullo
1498 1225 1614 1263 modo
1645 1225 1834 1276 particula
1857 1238 1920 1263 co-

211 1292 379 1344 pulativa
410 1294 657 1344 aequiperari
687 1294 856 1344 possint:
890 1299 1053 1344 apparet
1082 1296 1164 1331 visa
1194 1295 1441 1345 participiui'n
1474 1305 1558 1331 esse
1592 1297 1630 1330 et
1662 1292 1823 1331 verbum
1855 1292 1921 1330 de-

212 1360 387 1404 siderari,
421 1372 498 1410 quo
529 1360 688 1399 alterius
711 1362 899 1399 enuntiati
922 1354 1058 1400 'similis
1090 1362 1282 1400 sententia
1314 1361 1514 1400 efficiatur.
1569 1360 1645 1398 Sed
1668 1362 1782 1399 etiam
1806 1359 1921 1398 verba

210 1439 316 1466 mmo
334 1434 501 1476 peracto
530 1429 665 1466 vitiosa
698 1433 807 1471 sunt,
842 1441 930 1466 cnm
961 1441 1061 1473 non,
1103 1440 1178 1478 quo
1219 1435 1396 1480 tempore
1435 1441 1501 1466 ver
1537 1429 1685 1477 ingruit
1715 1428 1920 1477 hiemsque

209 1496 354 1540 finitur,
388 1508 512 1534 annus
542 1500 765 1546 peragatur,
800 1501 837 1534 et
867 1497 1026 1534 omnino
1058 1497 1150 1546 quid
1181 1497 1271 1535 anni
1292 1497 1441 1547 peracti
1469 1497 1628 1539 mentio,
1662 1495 1729 1533 ubi
1759 1495 1806 1533 de
1830 1507 1920 1533 vere

211 1568 249 1602 et
278 1562 406 1601 hieme
437 1564 582 1613 agitur,
623 1562 696 1601 sibi
734 1563 827 1601 velit
863 1563 1037 1614 intellegi
1075 1570 1255 1614 nequeat.
1320 1564 1452 1613 ltaque
1491 1565 1558 1612 qui
1595 1568 1685 1614 post
1722 1562 1818 1602 alios
1848 1561 1919 1601 hos

208 1643 346 1669 versus
377 1631 579 1681 temptavit
608 1630 881 1669 Lachmannus
912 1630 958 1669 ad
982 1631 1096 1670 Lucr.
1121 1644 1157 1683 p.
1184 1636 1235 1675 38
1266 1631 1364 1669 hanc
1395 1632 1602 1682 proposuit
1632 1631 1917 1670 coniecturam:

210 1699 383 1746 Friyora
413 1701 491 1736 iam
518 1699 685 1748 zephyri
712 1702 901 1745 minuunt,
932 1710 1113 1747 annoque
1136 1706 1300 1748 peraclo
1330 1700 1503 1747 [θηρίον
1527 1700 1692 1747 ἱηίερυίί
1724 1701 1805 1736 visa
1842 1698 1919 1736 To-

208 1768 309 1804 milis
338 1767 478 1809 hiems,
519 1767 559 1804 in
591 1779 666 1817 qua
697 1766 744 1804 de
776 1766 895 1805 altera
926 1768 1141 1805 mutatione
1178 1767 1333 1805 Tomile's
1366 1768 1480 1805 unius
1505 1767 1694 1815 cuiusque
1731 1766 1917 1804 iudiciuin

209 1835 293 1878 erit,
327 1834 446 1873 altera
476 1836 639 1882 intepuit
670 1846 714 1871 eo
747 1834 1063 1878 commendatur,
1098 1835 1202 1884 quod
1233 1834 1396 1872 verbum
1427 1834 1576 1872 finitum
1608 1845 1731 1883 aeque
1763 1833 1915 1872 deside-

207 1907 334 1940 ratum
365 1902 503 1945 infert,
537 1901 728 1940 refellitur
760 1913 829 1946 eo,
863 1902 965 1951 quod
997 1903 1131 1940 vitium
1162 1902 1373 1940 verborum
1405 1912 1510 1939 (mtto
1531 1908 1698 1950 peracto
1727 1900 1915 1950 relinqui-

206 1974 282 2008 tur.
342 1970 458 2019 Atqui
489 1969 535 2007 ab
567 1968 627 2022 his
657 1970 753 2019 ipsis
784 1968 911 2007 verbis
950 1969 1204 2008 emendandis
1242 1969 1571 2020 proficiscendum
1603 1974 1682 2012 est,
1723 1974 1765 2006 ut.
1796 1967 1915 2007 altera

207 2048 362 2087 quoque
394 2036 600 2075 difficultas
629 2036 800 2075 tollatur.
853 2037 1017 2088 Scripsit.
1048 2038 1150 2075 enim
1180 2042 1313 2088 poeta:
1347 2037 1518 2084 Γνίφωνα
1547 2039 1625 2075 iam
1653 2037 1915 2085 zeplzgsre'mz'-

205 2110 341 2154 mlum,
371 2106 665 2153 tandemque
688 2110 907 2153 peracta
936 2106 1108 2153 [θηρίον
1138 2107 1308 2153 cmtz'que‘s
1334 2107 1415 2142 visa
1446 2105 1610 2143 Maeotis
1639 2105 1773 2142 hiems.

263 2220 370 2256 Trist.
392 2223 429 2260 3,
453 2223 472 2254 7
486 2248 493 2260 ,
518 2222 575 2256 13:
608 2220 706 2256 Nam
729 2221 792 2255 tibi
810 2231 893 2255 cum
912 2219 1006 2266 fatis
1027 2231 1149 2256 mores
1171 2225 1311 2255 natura
1328 2221 1489 2266 pudicos

686 2289 736 2323 Ec
757 2299 873 2324 raras
893 2289 998 2324 dotes
1017 2290 1278 2335 moeniumque
1299 2289 1410 2324 dedit.

315 2375 435 2414 Miror
474 2376 675 2414 Heinsium
708 2377 981 2427 superstitiosa
1021 2376 1197 2415 codicum
1228 2377 1478 2415 veneratione
1510 2375 1720 2414 adductum
1750 2373 1813 2413 hie
1843 2387 1909 2413 na—

201 2448 329 2481 turam
361 2456 449 2482 oum
479 2444 566 2482 fatis
588 2444 833 2483 coniunctam
859 2445 1103 2482 sustinuisse.
1157 2444 1251 2482 Eius
1272 2444 1377 2482 modi
1405 2444 1530 2482 inanis
1561 2448 1691 2481 tumor
1723 2442 1907 2491 quemad-

201 2510 361 2549 modum
393 2510 601 2550 Ovidianae
634 2511 847 2561 elegantiae
878 2518 1093 2562 repugnet,
1135 2511 1210 2549 loci
1252 2512 1422 2562 probare
1459 2516 1625 2562 possunt
1656 2509 1790 2560 quales
1822 2515 1911 2548 sunt

198 2579 298 2616 trist.
333 2581 377 2622 2,
417 2581 495 2620 531
546 2580 679 2616 imma
716 2591 776 2618 me
812 2581 938 2628 spallo
972 2585 1118 2617 nalzo‘a
1157 2582 1329 2618 coercm‘l
1361 2585 1446 2618 arlo
1482 2580 1646 2627 Inyem'o
1681 2580 1782 2616 vises
1818 2579 1911 2616 eati-

195 2656 373 2694 9uasque
407 2646 531 2692 dedit,
566 2650 603 2684 et
635 2658 721 2697 epp.
757 2659 802 2685 ex
832 2647 957 2685 Ponto
981 2651 1024 2691 4,
1050 2651 1094 2692 6,
1118 2651 1169 2690 27
1201 2650 1324 2686 lenem
1351 2649 1399 2686 cle
1424 2649 1575 2685 miseris
1601 2649 1736 2694 yenw'l
1763 2651 1910 2683 namra

198 2725 271 2752 nec
299 2715 371 2751 ulli
398 2713 532 2752 Mitius
562 2715 759 2761 incenium
790 2726 908 2762 quam
936 2716 1013 2761 libi,
1044 2715 1181 2761 Brute,
1215 2716 1336 2753 dcclii.
1388 2715 1520 2764 ltaque
1542 2727 1620 2752 non
1645 2712 1908 2753 dubitabimus

200 2780 463 2820 Schraderum
495 2781 623 2830 sequi,
658 2792 772 2830 quem
804 2781 1015 2821 Merkelius
1046 2789 1178 2822 narrat
1206 2783 1433 2834 probavisse
1463 2795 1551 2822 cum
1580 2783 1734 2829 facie.
1796 2779 1905 2826 Quod

200 2849 302 2887 enim
333 2849 515 2887 Heinsius
547 2848 639 2887 dicit
669 2848 717 2886 de
748 2849 844 2887 faeie
875 2855 964 2900 post
992 2850 1053 2899 agi
1083 2862 1115 2888 v.
1141 2854 1206 2895 33,
1240 2863 1309 2889 cur
1339 2855 1477 2901 poetae
1507 2851 1547 2888 in
1572 2849 1712 2888 Perilla
1743 2860 1812 2886 sua
1843 2859 1905 2885 ee·

198 2915 384 2955 lebranda
414 2928 493 2954 non
523 2915 677 2954 licuerit
706 2916 782 2954 iam
813 2914 875 2954 hie
913 2929 1002 2955 cum
1033 2918 1149 2955 animi
1187 2923 1224 2956 et
1252 2919 1399 2968 ingenii
1431 2917 1587 2955 dotibus
1619 2918 1731 2954 etiam
1764 2928 1902 2965 eorpo-

198 2984 251 3020 ris
282 2984 441 3022 virtutes
473 2984 730 3034 coniungere,
764 2996 842 3021 non
872 2983 1067 3034 intellego.
1130 2985 1313 3024 Ceterum
1344 2986 1390 3024 cf.
1424 2986 1510 3023 fast.
1545 2988 1589 3028 6,
1624 2986 1703 3027 806
1734 2983 1782 3020 de
1803 2983 1903 3021 Mar-

199 3051 276 3089 cia:
309 3053 348 3089 in
379 3053 449 3090 illa
477 3052 529 3089 Et
548 3063 673 3099 oenus
701 3056 738 3089 ct
763 3051 893 3097 facies
922 3054 1193 3100 {moeniumque
1221 3055 1348 3091 simul.
1400 3052 1518 3090 Paulo
1540 3057 1629 3102 post
1649 3063 1681 3088 v.
1708 3053 1759 3092 29
1789 3051 1903 3088 unice

198 3127 289 3156 vera
330 3118 510 3157 editionis
542 3119 801 3157 Bononiensis
841 3120 1035 3169 scriptura
1075 3126 1150 3158 est:
1191 3121 1315 3170 Pone,
1347 3120 1520 3165 Per-illa:
1559 3123 1715 3166 melum,
1753 3122 1903 3156 lantum

197 3185 310 3223 modo
334 3185 488 3232 femina
517 3189 629 3226 nulla
654 3186 734 3225 Nec
761 3188 908 3225 iuvenis
930 3189 1087 3236 scriptis
1114 3189 1242 3226 discat
1269 3199 1406 3225 (meare
1436 3188 1521 3225 luis.
