2330 3606
602 175 639 211 0.
673 173 870 211 RIBBECK:
902 172 952 209 DE
984 170 1209 208 IVVENALIS
1242 171 1396 206 SATIRA
1428 168 1581 207 SEXTA.
1898 159 1947 204 17

228 299 347 339 supra
378 286 533 330 monui,
574 285 805 323 coniunctos
837 288 968 322 autem
1001 294 1088 320 cum
1121 281 1277 325 vicinis,
1318 292 1416 329 quae
1448 281 1539 319 inde
1571 280 1836 322 resecuimus,
1876 279 1948 316 mi-

226 357 331 394 nime
363 366 448 392 esse
480 353 574 391 satis
605 351 844 390 declaratum
877 355 946 389 est.
996 350 1139 388 Contra
1170 349 1335 398 gemmis
1367 353 1405 386 et
1437 347 1610 385 elenchis
1642 351 1776 385 ornata
1808 345 1950 384 mulier

229 427 267 460 et
291 422 347 459 sic
376 421 552 472 perfecta
581 420 709 456 forma
740 420 882 456 ceteris
913 417 1093 455 omnibus
1115 416 1270 454 decoris
1300 416 1522 465 praeceptis
1554 428 1594 452 se
1621 418 1843 464 exemptam
1873 425 1947 463 pu-

229 494 314 526 tans
353 493 392 525 et
429 485 595 524 moecho
634 486 758 534 magis
798 497 912 535 quam
952 485 1092 522 marito
1133 487 1175 521 ut
1210 482 1362 533 placeat
1400 481 1611 519 candorem
1650 482 1765 519 faciei
1806 479 1951 518 foliatis

229 566 466 594 conservans
500 553 593 605 (457
625 551 724 601 sqq.)
757 553 934 602 apprime
973 552 1155 589 convenit
1186 562 1274 588 cum
1315 561 1377 593 ea,
1419 549 1482 586 cui
1512 547 1767 586 metuendum
1801 552 1859 585 est
1901 558 1949 584 ne

230 625 328 660 etres
358 632 479 671 rugae
511 619 678 658 subeant
710 624 818 657 etse
858 620 957 657 611115
996 617 1102 656 arida
1141 617 1259 655 laxet'
1300 614 1430 668 (144),
1472 626 1650 664 quaeque
1690 615 1781 653 dum
1821 614 1951 665 placet

227 689 440 727 iuventutis
471 687 587 731 flore,
619 690 778 737 praeter
809 685 881 724 alia
914 686 989 723 emi
1021 685 1094 723 sibi
1125 697 1145 722 a
1176 684 1315 721 marito
1346 682 1520 733 postulat
1542 681 1764 733 crystallina
1787 686 1824 719 et
1845 694 1949 733 myr-

230 756 343 794 rhina
377 756 469 806 (155
502 752 575 804 sq.)
611 758 648 792 et
680 753 946 797 adamantem,
990 764 1066 801 quo
1100 751 1191 789 olim
1223 751 1436 789 Berenices
1467 750 1632 799 digitum
1665 750 1854 799 Agrippa,
1889 749 1951 786 Iu-

232 823 420 861 daeorum
442 834 524 866 rex,
559 820 818 859 circumdedit
842 817 1102 869 (156—160).
1152 817 1431 868 Componenda
1453 818 1573 867 igitur
1604 816 1701 854 haec
1732 819 1952 858 457—507

231 902 320 928 cum
344 901 378 927 v,
414 892 505 931 160.
1128 873 1130 875 ¹

343 957 392 995 Et
421 957 476 994 sic
507 956 636 994 omnia
665 956 705 993 in
736 954 913 992 ordinem
945 953 1116 992 redacta.
1157 953 1477 991 Demonstratum
1510 951 1634 994 enim,
1669 949 1953 987 subiectionem

233 1023 318 1062 esed
355 1023 484 1074 placet
514 1022 667 1061 Vrsidio
706 1021 770 1060 lex
801 1021 919 1059 Iulia'
962 1019 1056 1072 (38)
1098 1025 1136 1058 et
1174 1031 1273 1068 quae
1312 1031 1397 1057 eam
1437 1023 1625 1056 secuntur
1664 1029 1741 1055 non
1779 1017 1955 1067 potuisse

234 1091 307 1129 alio
330 1090 433 1128 loco
473 1089 716 1133 Iuvenalem,
763 1089 838 1127 nisi
882 1093 1090 1138 postquam
1129 1086 1287 1124 edocuit
1325 1086 1576 1129 Postumum,
1623 1096 1702 1122 non
1742 1083 1869 1122 solum
1908 1083 1955 1120 dc

234 1157 443 1196 concordia
484 1158 538 1201 ei,
581 1156 649 1194 sed
690 1156 737 1193 de
774 1155 954 1194 libertate
995 1156 1109 1193 etiam
1152 1154 1217 1192 ubi
1255 1152 1377 1192 semel
1416 1151 1551 1191 estulta
1582 1150 1749 1189 maritali
1778 1151 1957 1201 porrexit

236 1238 303 1265 ora
335 1225 519 1276 capistro'
556 1222 634 1275 (43)
668 1222 958 1273 desperandum
991 1235 1096 1266 csse,
1130 1221 1167 1259 h.
1203 1233 1234 1259 e.
1269 1225 1359 1271 post
1389 1221 1517 1271 ipsum
1550 1231 1582 1257 V.
1609 1222 1688 1261 230
1720 1218 1880 1261 inferre,
1915 1222 1957 1255 ut

235 1305 284 1330 ne
315 1292 497 1343 pudicam
528 1291 685 1340 quidem
717 1290 836 1329 ullam
867 1294 933 1328 aut
963 1290 1076 1328 fidam
1100 1289 1267 1326 inveniri
1289 1287 1496 1326 cumulatis
1519 1285 1710 1336 exemplis
1731 1284 1931 1336 probaret.

348 1359 507 1408 Iamque
539 1358 835 1410 (ilspositionem
867 1358 1008 1396 satirae
1041 1362 1078 1395 et
1109 1355 1328 1406 simplicem
1361 1359 1399 1393 et
1429 1353 1585 1404 planam
1616 1364 1690 1391 nec
1721 1364 1741 1390 a
1763 1351 1962 1390 rhetorica

237 1426 442 1477 disciplina
473 1425 637 1464 alienam
668 1424 768 1463 hanc
798 1425 1079 1476 perspicimus,
1114 1434 1229 1472 quam
1262 1423 1339 1460 mei
1368 1425 1500 1459 textus
1522 1420 1697 1459 numeris
1720 1418 1959 1468 significabo.

236 1494 334 1533 Nam
364 1498 454 1545 post
484 1493 690 1531 exordium
723 1492 885 1543 (1-24)
921 1496 958 1529 ct
990 1503 1128 1529 causae
1169 1490 1489 1528 constitutionem
1531 1486 1723 1540 (25—27>
1757 1487 1885 1524 statim
1916 1485 1963 1523 ad

241 1561 620 1611 argumentationem
651 1561 847 1610 rapimur,
888 1571 963 1608 qua
994 1559 1209 1609 pessimum
1240 1558 1339 1595 vitae
1373 1557 1520 1594 exitum
1551 1555 1844 1593 matrimonium
1877 1565 1963 1591 esse

240 1627 431 1681 (28—32)
455 1626 656 1678 probatur.
701 1627 785 1672 Quo
808 1639 959 1665 summa
991 1625 1089 1663 mala
1124 1626 1194 1663 tria
1218 1625 1363 1662 adferri
1384 1625 1545 1666 marito,
1579 1621 1816 1660 discordiam
1842 1622 1959 1670 (33—

240 1694 320 1746 67),
351 1696 580 1734 servitutem
605 1694 838 1745 (68—115),
860 1694 1058 1732 infamiam
1082 1692 1251 1741 denique
1272 1691 1532 1729 inconstantia
1555 1694 1593 1728 ct
1619 1688 1848 1740 inpudicitia
1870 1700 1960 1725 con-

239 1764 340 1813 iugis
367 1762 574 1800 conflatam
615 1760 903 1813 (116—282).
966 1761 1226 1799 Refutationis
1258 1758 1399 1797 deinde
1429 1759 1553 1808 figura
1591 1769 1686 1795 usus
1716 1756 1964 1807 percontanti

241 1831 364 1869 amico
396 1829 443 1867 (16
474 1842 728 1867 nummorum
761 1826 1007 1880 (283—288)
1043 1834 1080 1866 et
1111 1827 1158 1865 (16
1189 1825 1465 1878 pulcritudinis
1497 1824 1587 1862 dote
1619 1820 1866 1875 (289—357)
1899 1834 1961 1859 rc-

242 1897 418 1949 spondet.
461 1897 562 1935 Tum
583 1897 754 1939 minora,
789 1895 857 1934 sed
880 1907 978 1945 quae
1000 1900 1130 1933 tamen
1155 1894 1313 1932 tolerari
1333 1906 1413 1931 non
1435 1893 1607 1943 possint,
1642 1889 1854 1928 mulierum
1876 1890 1964 1926 vitia

243 1978 311 2004 sex
334 1968 627 2008 emunerantur,
649 1963 913 2013 graecissandi
935 1962 1141 2000 adfectatio
1162 1958 1423 2013 (358—372)‚
1442 1964 1606 2010 propter
1628 1957 1740 1995 ludos
1764 1956 1965 2007 spectandi

242 2032 446 2070 libidinem
476 2043 727 2069 nummorum
759 2031 936 2081 profusio
970 2027 1236 2078 <am—386),
1277 2027 1394 2065 studii
1427 2038 1518 2076 erga
1550 2030 1731 2064 cantores
1764 2025 1965 2062 temeritas

247 2098 508 2151 (387—405),
542 2099 770 2149 superstitio
795 2096 1056 2148 [loe—snm),
1089 2095 1223 2147 putida
1247 2094 1414 2132 eruditio
1450 2090 1711 2145 &iffi—³25),
1746 2092 1966 2140 viraginum

245 2167 414 2215 denique
445 2164 609 2203 ridicula
641 2170 679 2203 et
708 2165 893 2203 indecora
924 2165 1107 2202 ferocitas
1137 2164 1396 2214 (526—547).
1460 2161 1539 2198 Iam
1573 2159 1771 2198 conclusio
1803 2158 1864 2202 iit,
1904 2170 1965 2196 rc-

244 2233 486 2285 pudiandum
527 2245 611 2271 esse
652 2238 777 2271 totum
814 2232 1023 2270 mulierum
1063 2242 1212 2280 genus:
1252 2242 1342 2268 nam
1380 2228 1440 2266 vel
1473 2228 1729 2278 optimarum,
1764 2225 1898 2275 quales
1930 2229 1968 2262 et

246 2301 423 2339 Vrsidius
456 2312 502 2338 ex
534 2300 682 2348 antiqui
714 2300 903 2350 temporis
934 2299 1123 2336 memoria
1154 2297 1264 2335 finxit
1296 2301 1333 2334 61
1354 2295 1439 2345 lege
1462 2294 1557 2333 Iulia
1589 2306 1774 2332 revocare
1806 2293 1965 2331 studue-

247 2373 307 2407 rat
336 2370 556 2417 Augustus,
590 2372 859 2405 matronarum
892 2366 988 2404 ferri
1019 2378 1097 2403 non
1135 2376 1251 2415 posse
1291 2362 1545 2414 supercilium
1588 2359 1855 2413 (MS—564),
1899 2360 1966 2397 sed

247 2435 362 2485 longe
393 2434 582 2485 plurimas
614 2447 634 2472 a
674 2435 862 2472 maternis
900 2434 1036 2471 officiis
1076 2431 1268 2470 obeundis
1307 2429 1543 2473 abluwrcrc,
1584 2430 1702 2466 immo
1744 2440 1829 2466 esse
1869 2439 1967 2476 quae

247 2504 287 2541 in
316 2502 464 2541 liberos
494 2503 642 2552 pariter
673 2506 789 2551 atque
818 2502 859 2539 in
891 2501 1052 2538 maritos
1084 2512 1234 2537 veneno
1266 2503 1332 2536 aut
1352 2498 1458 2536 ferro
1481 2497 1654 2535 saeviant
1676 2493 1936 2547 (565—615).

364 2774 411 2811 At
442 2771 696 2822 quadraginta
727 2783 793 2809 sex
833 2770 1010 2809 versibus
1049 2770 1237 2807 miserum
1270 2766 1489 2806 Iuvenalem
1529 2765 1757 2816 despoliavi:
1801 2774 1966 2813 quorum

254 2845 384 2878 tamen
416 2851 482 2877 sex
518 2839 624 2889 (12⁴5.
660 2840 752 2879 188.
785 2842 864 2880 558
897 2849 951 2887 sq.
988 2840 1066 2879 (532
1099 2835 1170 2886 sq.)
1211 2837 1388 2886 ipsorum
1418 2833 1608 2871 librorum
1641 2832 1873 2869 testimoniis
1905 2842 1966 2868 re-

254 2906 486 2957 pudiantur,
521 2910 607 2943 octo
642 2905 741 2953 (125
765 2915 821 2953 sq.
858 2908 947 2945 130.
986 2908 1076 2947 188.
1111 2907 1202 2945 323.
1238 2907 1317 2944 335
1341 2913 1397 2951 sq.
1432 2900 1531 2950 460)
1566 2900 1736 2937 damnati
1775 2899 1888 2935 etiam
1921 2897 1968 2934 ab

255 2973 339 3012 aliis
373 2974 465 3011 viris
500 2973 642 3016 doctis,
677 2975 861 3020 quattuor
894 2976 1044 3009 tantum
1079 2971 1171 3021 (413
1205 2974 1242 3007 et
1275 2967 1505 3017 1313—1535)
1540 2967 1637 3005 tales
1668 2970 1757 3003 sunt
1789 2965 1854 3013 qui
1885 2968 1967 3001 tur-

256 3040 351 3079 bent
392 3040 570 3079 ordinem
613 3045 802 3077 nostrum.
866 3037 1048 3075 Relicuos
1087 3049 1223 3075 omnes
1263 3035 1440 3074 xxxxii
1481 3033 1630 3071 etiamsi
1669 3031 1868 3069 mordicus
1898 3042 1968 3068 suo

256 3108 341 3146 loco
373 3109 561 3151 retineas,
596 3110 727 3144 manet
759 3105 911 3148 eadem,
954 3116 1068 3154 quam
1102 3103 1408 3145 enucleaviimis,
1449 3102 1618 3150 partium
1650 3102 1864 3141 structura,
1896 3110 1969 3135 nec

257 3174 373 3213 huius
404 3174 620 3213 rationibus
652 3173 791 3211 ductus
823 3172 869 3209 ad
900 3171 1034 3210 obelos
1074 3172 1211 3221 refugi.
1274 3170 1321 3208 Et
1352 3179 1586 3218 ‹planiquam
1619 3166 1665 3203 (16
1696 3166 1879 3203 universo
1910 3165 1968 3202 in-

1675 3231 1699 3257 ί)

1674 3261 1696 3270 .-
