2330 3606
396 204 474 245 142
671 210 705 245 C.
738 207 1040 244 WACIISMVTH:
1072 207 1123 243 DE
1154 207 1363 244 FONTIBVS
1394 207 1449 243 Ex
1479 207 1631 251 QVIBVS
1664 207 1814 245 SVlDAS

421 334 449 358 s.
487 332 515 357 v.
558 318 767 370 (ιβύρτιος
795 319 1031 360 Θεοδέκτου
1066 321 1142 360 τοῦ
1178 317 1412 369 Φαςηλίτου
1449 318 1719 370 ἀναγνώςτης
1751 319 1816 360 καὶ
1846 318 2022 370 οἰκέτηςῆ
2052 319 2099 360 ὃς

559 386 857 437 ἐρρητόρευςεν
883 386 1056 429 οἰκετῶν
1077 389 1257 438 πρῶτος.

421 468 449 493 s.
484 467 515 493 v.
558 454 788 505 Τιμαγένης
807 456 1014 506 βαςιλικοῦ
1032 454 1345 506 ἀργυραμοιβοῦ
1367 454 1455 495 υἱὸς
1473 454 1766 505 Ἀλεξανδρεύς
1783 488 1812 495 ..
1836 454 1884 495 ὃς
1901 454 1968 495 ἐπὶ
1983 454 2097 504 Πομ-

560 521 685 572 πηίου
709 524 785 563 τοῦ
814 523 997 573 μεγάλου
1022 523 1284 574 αἰχμάλωτος
1315 521 1451 573 ἀχθεὶς
1472 522 1517 564 ἐν
1542 522 1677 576 Ῥώμῃ
1708 522 1792 563 ὑπὸ
1816 525 1892 563 τοῦ
1911 521 2099 573 Γαβινίου

560 589 745 641 ἐξωνήθη
769 589 852 631 ὑπὸ
879 590 1073 631 Φαύςτου
1095 592 1170 631 τοῦ
1199 589 1290 630 υἱοῦ
1311 590 1471 631 Εύλλου
1496 590 1562 630 καὶ
1582 589 1871 641 ἐςοφίςτευςεν
1888 590 1933 632 ἐν
1954 590 2090 643 Ῥώμῃ

422 672 449 696 s.
485 671 515 696 v.
557 657 804 709 Τυραννίων
827 658 1111 710 Ἐπικρατίδου
1134 691 1141 698 .
1160 691 1166 698 .
1188 658 1291 709 ἤχθη
1314 659 1360 699 δὲ
1381 656 1437 699 εἰς
1459 658 1621 708 Ῥώμην
1645 658 1816 709 ληφθεὶς
1837 657 2100 709 αἰχμάλωτος

559 724 643 766 ὑπὸ
668 725 941 767 Λουκούλλου
971 726 1043 767 ὅτε
1063 726 1370 776 κατεπολέμηςε
1403 725 1658 776 Μιθριδάτην
1694 726 1769 767 τὸν
1790 725 1962 767 Πόντου
1992 714 2099 777 βαςι-

559 793 781 836 λεύςαντα·
806 794 1098 845 διαπρεπὴς
1120 795 1166 835 δὲ
1190 793 1421 844 γενόμενος
1448 793 1494 835 ἐν
1519 793 1656 847 Ῥώμῃ
1679 793 1743 834 καὶ
1764 793 1962 834 πλούςιος
1989 795 2068 834 κτλ.

420 877 448 901 s.
485 876 514 900 v.
556 861 802 913 Τυραννίων
824 861 846 903 ὁ
869 862 1100 912 νεώτερος.
1121 895 1128 902 .
1150 861 1414 912 αἰχμάλωτος
1438 861 1667 912 γενόμενος
1688 862 1753 902 καὶ
1777 862 1904 903 αὐτὸς
1933 861 2000 902 ἐπὶ
2023 863 2099 902 τοῦ

560 930 750 980 πολέμου
773 929 998 971 Ἀντωνίου
1027 930 1091 970 καὶ
1124 929 1323 980 Καίςαρος
1353 929 1436 970 ὑπό
1461 942 1575 972 τινος
1601 929 1828 980 Δύμαντος
1857 929 1995 980 ὠνήθη
2024 931 2099 969 τοῦ

563 998 763 1049 Καίςαρος
787 997 911 1039 ὄντος
937 997 1242 1048 ἀπελευθέρουῆ
1277 996 1366 1038 εἶτα
1387 997 1575 1049 ἐδωρήθη
1598 996 1795 1050 Τερεντίᾳ
1822 1000 1870 1051 τῇ
1890 999 1966 1037 τοῦ
1991 997 2100 1037 Κικέ-

560 1079 699 1116 ρωνος
719 1065 902 1114 γυναικί·
946 1065 1239 1116 ἐλευθερωθεὶς
1262 1066 1307 1106 δὲ
1328 1065 1404 1106 ὑπ)
1424 1065 1551 1116 αὐτῆς
1576 1065 1864 1116 ἐςοφίςτευςεν
1886 1065 1931 1107 ἐν
1952 1064 2100 1118 Ῥώμῃ.

421 1149 449 1173 s.
485 1147 515 1172 v.
557 1133 728 1175 Φαίδων
763 1134 923 1174 Ἠλεῖος
958 1166 994 1173 ..
1026 1136 1180 1175 τοῦτον
1216 1134 1363 1185 ςυνέβη
1402 1136 1573 1185 πρῶτον
1610 1132 1875 1184 αἰχμάλωτον
1909 1131 1994 1173 ὑπὸ
2030 1132 2099 1172 Ἰν-

559 1203 646 1243 δῶν
676 1203 730 1253 (ῗ)
761 1203 988 1253 ληφθῆναι,
1022 1200 1111 1242 εἶτα
1134 1202 1303 1252 πραθεὶς
1335 1204 1611 1255 πορνοβοςκῷ
1639 1215 1716 1242 τινι
1736 1200 1915 1252 προέςτη
1937 1199 2007 1240 ὑπ)
2028 1199 2099 1240 αὐ·
2146 1234 2147 1240 ,

560 1271 635 1310 τοῦ
673 1269 779 1320 πρὸς
815 1269 1020 1320 ἐταίρηςιν
1057 1269 1102 1310 ἐν
1139 1269 1337 1319 Ἀθήναις.
1392 1269 1580 1320 ἐντυχὼν
1616 1270 1661 1310 δὲ
1693 1267 1900 1319 [ωκράτει
1929 1268 2099 1318 ἐξηγου-

558 1337 672 1390 μένψ
709 1336 862 1388 ήράςθη
898 1338 984 1377 τῶν
1022 1335 1164 1385 λόγων
1193 1337 1323 1378 αὐτοῦ
1358 1338 1423 1377 καὶ
1458 1336 1561 1378 αἰτεῖ
1598 1337 1801 1378 λύςαςθαι.
1843 1335 1866 1377 ὁ
1897 1336 1942 1376 δέ
1970 1335 2101 1376 πείθει

558 1404 814 1456 Ἀλκιβιάδην
838 1404 1028 1455 πρίαςθαι
1050 1404 1199 1449 αὐτόνῆ
1220 1405 1285 1446 καὶ
1305 1404 1356 1455 ἦν
1377 1405 1425 1446 τὸ
1449 1404 1642 1447 ἐντεῦθεν
1664 1404 1912 1456 φιλόςοφος.

420 1487 448 1511 s.
482 1486 515 1511 v.
555 1472 782 1515 Φιλόξενος
815 1506 847 1512 ..
887 1471 1012 1513 οὗτος
1049 1472 1471 1524 ἀνδραποδιςθέντων
1505 1474 1591 1514 τῶν
1633 1472 1831 1523 Κυθήρων
1866 1471 1950 1512 ὑπὸ
1987 1471 2100 1521 Ἀθη-

558 1541 689 1583 ναίων
708 1541 752 1592 ¹¹)
786 1540 994 1591 ήγοράςθη
1018 1540 1101 1581 ὑπὸ
1125 1540 1334 1589 Ἀγεςίλου
1355 1541 1468 1582 τινὸς
1496 1541 1560 1581 καὶ
1593 1541 1668 1581 ὑπ)
1694 1540 1824 1580 αὐτοῦ
1845 1538 2005 1590 ἐτράφη
2036 1539 2101 1578 καὶ

562 1609 735 1660 Μύρμηέ
757 1610 965 1649 ἐκαλεῖτο·
1008 1608 1289 1659 ἐπαιδεύθη
1320 1610 1364 1649 δὲ
1393 1609 1493 1659 μετὰ
1520 1609 1595 1650 τὸν
1617 1608 1801 1649 θάνατον
1824 1607 2034 1656 Ἀγεςίλου
2052 1606 2098 1657 ¹²)

562 1676 858 1718 Μελανιππίδα
883 1676 1114 1727 πριαμένου
1136 1676 1265 1717 αὐτὸν
1286 1679 1361 1717 τοῦ
1385 1678 1564 1727 λυρικοῦ.

422 1759 449 1783 s.
486 1758 514 1783 v.
558 1744 734 1793 Φλέγων
757 1744 1017 1795 Τραλλιανὸς
1045 1743 1326 1794 ἀπελεύθερος
1348 1746 1423 1785 τοῦ
1448 1744 1652 1795 (εβαςτοῦ
1677 1743 1875 1794 Καίςαρος
1894 1742 1960 1794 ¹3)„
1989 1742 2027 1782 οἱ
2055 1742 2101 1782 δὲ

560 1813 778 1863 Ἀδριανοῦ
804 1825 939 1863 φαςιν.

421 1895 450 1920 s.
483 1893 515 1919 v,
557 1880 726 1930 Φόρμος
748 1913 754 1919 .
777 1913 783 1919 .
811 1880 960 1920 οἰκεῖος
984 1880 1029 1920 δὲ
1047 1880 1201 1921 Γέλωνι
1224 1884 1283 1934 τῷ
1306 1880 1499 1934 τυράννῳ
1527 1879 1708 1923 (ικελίας
1729 1879 1793 1919 καὶ
1813 1878 1996 1930 τροφεὺς
2014 1879 2100 1920 τῶν

559 1948 723 1990 παίδων
748 1947 890 1988 αὐτοῦ.

422 2031 449 2055 s.
486 2030 517 2055 v.
559 2016 757 2065 Φρῦνις..
784 2016 936 2066 Ἴςτρος
958 2016 1003 2055 δὲ
1025 2015 1070 2057 ἐν
1091 2017 1178 2056 τοῖς
1199 2015 1555 2067 ἐπιγραφομένοις
1580 2016 1823 2065 μελοποιοῖς
1844 2014 1919 2055 τὸν
1943 2013 2100 2064 Φρῦνιν

562 2083 734 2135 Λέςβιόν
757 2096 854 2134 φηςι
879 2083 1079 2133 Κάμωνος
1100 2082 1144 2134 ¹⁴)
1168 2082 1279 2124 υἱόν·
1319 2086 1473 2124 τοῦτον
1503 2084 1548 2124 δὲ
1569 2083 1757 2134 Ἱέρωνος
1786 2084 1861 2122 τοῦ
1889 2082 2100 2132 τυράννου

561 2151 758 2201 μάγειρον
781 2150 884 2192 ὄντα
906 2152 1079 2200 δοθῆναι
1102 2151 1174 2192 ςύν
1197 2151 1341 2191 ἄλλοις
1362 2152 1538 2191 πολλοῖς
1560 2149 1867 2203 Ἀριςτοκλείδῃ.
1906 2151 2034 2190 ταῦτα
2055 2150 2099 2188 δὲ

562 2219 737 2269 ςχεδίοις
759 2218 911 2259 ἔοικεν·
953 2218 986 2259 εἰ
1006 2219 1086 2268 γὰρ
1106 2218 1156 2268 ἦν
1177 2219 1368 2267 γεγονὼς
1391 2220 1545 2259 δοῦλος
1578 2219 1642 2258 καὶ
1670 2217 1865 2268 μάγειρος
1893 2217 2098 2267 Ἱέρωνοςἢ

563 2286 637 2326 οὐκ
667 2287 718 2327 ἂν
745 2283 978 2336 ἐςιώπηςαν
1010 2286 1048 2326 οἱ
1073 2287 1242 2337 κωμικοὶ
1266 2287 1466 2327 πολλάκις
1488 2286 1617 2326 αὐτοῦ
1646 2285 1917 2335 μεμνημένου,
1948 2284 2016 2335 ἐφ)
2038 2283 2100 2324 οἷς

561 2354 855 2404 ἐκαινούργηςε
877 2354 1132 2394 κατακλάςας
1153 2355 1228 2404 τὴν
1252 2355 1364 2407 ᾠδὴν
1387 2355 1500 2404 παρὰ
1520 2354 1568 2394 τὸ
1599 2353 1786 2403 ἀρχαῖον.

424 2437 452 2461 s.
488 2436 517 2459 v.
562 2422 753 2472 Χοιρίλος
777 2421 925 2472 (ἁμιος
946 2455 952 2461 .
977 2455 983 2461 .
1014 2421 1170 2463 δοῦλόν
1198 2436 1241 2461 τε
1266 2421 1416 2472 (αμίου
1443 2422 1556 2461 τινὸς
1585 2421 1714 2461 αὐτὸν
1744 2420 1931 2468 γενέςθαι
1965 2419 2099 2468 εὐειδῆ

563 2490 675 2529 πάνυ
708 2490 782 2539 τὴν
822 2489 951 2539 ὐύρανἢ
986 2491 1136 2540 φυγεῖν
1173 2503 1216 2530 τε
1247 2490 1291 2529 ἐκ
1320 2489 1456 2539 (άμου
1487 2489 1550 2528 καὶ
1577 2487 1793 2541 Ἡροδότῳ
1821 2491 1879 2541 τῷ
1910 2486 2099 2540 ἱςτορικῷ

562 2557 901 2606 παρεδρεύςαντα
926 2557 1068 2605 λόγων
1089 2557 1327 2607 ἐραςθῆναιῆ
1351 2556 1400 2596 οὗ
1422 2569 1534 2597 τινος
1556 2556 1686 2597 αὐτὸν
1708 2557 1772 2596 καὶ
1793 2555 1958 2596 παιδικὰ
1980 2567 2100 2603 γεγο-

564 2624 679 2665 νέναι
703 2624 886 2674 <pontifi-³³>

876 2667 881 2675 l

489 2749 528 2791 ¹¹)
563 2747 769 2790 Ἀθηναίων
802 2749 1036 2780 coniecerunt
1068 2749 1260 2780 Reinesius
1288 2752 1322 2780 et
1348 2748 1550 2781 Meinekius
1577 2749 1644 2791 srg.
1673 2759 1764 2780 eom.
1790 2748 1851 2781 Gr.
1877 2748 1945 2779 IIII
1976 2758 2007 2789 p.
2035 2747 2099 2779 635

397 2806 460 2837 pro
485 2792 792 2834 Λακεδαιμονίων.

488 2839 526 2881 ¹²)
556 2837 740 2879 Ἀγεςίλου
758 2842 907 2880 utroque
928 2839 1006 2870 loco
1033 2840 1189 2870 correxit
1206 2840 1415 2881 Bernhardy
1433 2850 1495 2881 pro
1515 2838 1723 2880 Ἀγεςύλου,
1751 2838 1864 2870 altero
1890 2837 1968 2869 loco
1988 2837 2098 2868 codex

396 2886 425 2916 A
451 2885 602 2927 praebet
628 2882 850 2925 Ἀγηίιλάυυ.

490 2930 527 2971 ¹³)
555 2930 589 2961 id
615 2930 703 2961 miro
728 2930 839 2960 errori
865 2928 999 2960 Suidae
1025 2928 1187 2962 debetur.

488 2974 527 3015 ¹⁴)
554 2976 607 3006 sic
633 2974 779 3016 scripsit
803 2974 849 3004 M.
877 2974 1038 3005 Schmidt
1063 2974 1167 3007 «Matr.
1193 2974 1410 3016 dithyramb.
1436 2985 1468 3016 p.
1494 2975 1537 3006 89
1563 2984 1617 3016 sq.
1641 2984 1704 3016 pro
1732 2971 1920 3005 Κάνωπος.

487 3019 527 3061 ¹⁷0)
555 3021 685 3061 quibus
710 3019 926 3051 testimoniis
954 3019 1107 3050 for-tasso
1135 3019 1265 3051 addere
1298 3020 1387 3051 licet
1412 3030 1456 3051 ea
1483 3029 1574 3061 quae
1599 3029 1630 3051 s.
1655 3031 1687 3051 v.
1713 3016 1889 3058 Ζάμολξις
1917 3020 1953 3048 et
1977 3015 2099 3049 Πυθα-

396 3064 508 3106 γόρα(
535 3066 577 3097 do
603 3065 811 3097 Zamolxide
837 3064 1067 3105 Pythagorae
1093 3075 1196 3097 servo
1220 3065 1399 3105 leguntur,
1427 3068 1463 3096 et
1488 3064 1669 3096 corollarii
1694 3063 1772 3095 loco
1797 3063 1888 3094 haec
1906 3062 1992 3094 duo:
2018 3072 2046 3094 s.
2065 3073 2098 3094 v.

400 3109 630 3151 Ἀρίςταρχος
657 3135 687 3141 ..
713 3109 771 3141 καὶ
797 3108 927 3141 παῖδας
955 3107 1018 3148 μὲν
1044 3108 1238 3142 κατέλιπεν
1266 3107 1503 3150 Ἀρίςταρχον
1533 3109 1592 3141 καὶ
1619 3106 1898 3149 Ἀριςτοιγόροιν,
1930 3106 2042 3147 ἄμφω
2068 3106 2100 3137 δ’

398 3154 570 3193 ἐγένοντο
596 3154 741 3195 εὐήθεις
767 3154 864 3196 (ιιιιηι
891 3152 1093 3194 εύειδεῖςῖ),
1120 3154 1213 3186 ὠςτε
1238 3155 1297 3186 καὶ
1315 3153 1455 3195 ἐπράθη
1474 3154 1494 3186 ό
1514 3152 1759 3195 Ἀρίςταρχος·
1788 3151 1971 3193 Ἀθηναῖοι
1996 3151 2028 3183 δ’
2044 3151 2098 3183 ἐλ-

399 3198 515 3231 θόντα
540 3200 627 3241 παρ)
651 3199 769 3232 αὐτὸν
794 3198 1027 3239 ἐξωνήςαντο
1054 3202 1088 3229 ot
1112 3209 1138 3231 s.
1157 3210 1188 3231 v.
1217 3199 1378 3240 Ἰόβας..
1404 3198 1448 3231 ὃν
1473 3198 1694 3238 λαβόντες
1721 3197 1778 3229 καὶ
1805 3196 2098 3237 μαςτιγώςοιντες

399 3242 634 3283 ἐπόμπευςαν
658 3244 692 3277 οἱ
716 3243 905 3286 Ῥωμαῖοι,
931 3243 975 3275 οὐ
1003 3243 1075 3284 μὴν
1100 3242 1247 3276 ἀνεῖλον
1272 3244 1340 3276 διὰ
1365 3244 1448 3285 τὴν
1473 3242 1717 3276 παίδευςιν.
