2330 3606
379 143 462 184 2454
803 146 839 181 l'.
870 145 1061 181 LANGEN:
1094 144 1390 190 QVAEsTloNES
1422 143 1676 180 ΒΟΕΊῚΑΝΑΕ.

380 258 550 305 inferior
595 258 743 295 claruit
789 258 1111 306 aequiperandus
1147 257 1318 294 homero.
1393 256 1561 304 Scripsit
1603 260 1730 308 aulem
1780 258 1949 305 qulnqne
1986 256 2103 294 libros

378 326 649 376 philosophiae
682 326 966 363 consolationis.
1029 336 1123 373 quos
1152 324 1238 362 ΧΧ
1249 324 1330 362 VII
1356 324 1609 362 varietatibus
1644 326 1865 362 carminum
1905 325 2103 372 respersil.

382 400 423 433 ne
455 406 552 442 opus
582 395 686 432 illius
708 394 866 440 „oratius
896 393 1108 441 leyeniilnis
1136 392 1244 439 sorel
1268 393 1336 440 qui
1369 394 1540 431 musicae
1569 393 1769 431 suavitatis·
1799 392 2007 431 dulcedine
2032 392 2102 432 cle*

380 466 588 503 leclancnr.

496 529 659 568 Additus
691 534 750 567 cst
781 534 1015 579 conspectus
1055 533 1274 567 metrorum
1314 529 1456 579 partim
1491 529 1530 566 in
1564 528 1701 567 eodem
1732 529 1844 574 folio,
1885 530 2027 580 partim
2066 529 2104 567 in

384 599 491 636 tertii
522 597 603 635 folii
633 597 773 648 pagina
804 602 924 635 recta.
986 597 1161 647 Denique
1192 598 1232 633 in
1263 596 1402 646 pagiua
1434 608 1545 634 versa
1577 598 1681 634 tertii
1712 596 1794 635 folii
1826 598 2015 648 scriptum
2049 601 2107 634 est

386 665 625 704 Gerberti
654 666 693 702 in
727 665 907 703 Boetium
940 677 1118 709 carmen,
1154 663 1301 702 editum
1332 663 1379 702 ab
1411 663 1624 701 Henrico
1656 664 1849 716 Meyero
1890 666 1929 703 in
1958 664 2104 704 Antho-

385 734 486 783 logia
518 733 653 772 Latina
685 735 785 776 394,
825 733 865 770 in
896 733 1006 770 cuius
1037 736 1177 783 quarto
1208 744 1325 769 versu
1356 744 1428 782 pro
1466 733 1595 770 lumen
1632 733 1791 783 repperi
1827 735 1952 771 locem
1993 737 2030 770 et
2068 733 2105 770 iu

386 814 490 840 nouo
523 813 637 839 versu
670 801 906 850 scripturam
937 800 1131 850 vulgatam
1169 811 1339 838 summas
1369 801 1439 847 qui
1469 805 1718 848 praeqravat
1747 805 1865 838 artes.
1927 800 2006 839 Iam
2046 812 2105 838 se-

388 874 563 919 quuntur
604 867 721 906 verba
761 869 845 919 ipsa
884 868 1016 913 Boeti,
1057 869 1338 918 quinquaginta
1378 867 1480 907 foliis
1519 869 1680 919 scripta,
1728 880 1898 918 quorum
1937 868 2108 907 vicesimi

387 938 493 976 tertii
523 937 663 988 pagiua
694 940 801 974 reeta
833 936 1028 986 scriptura
1061 940 1182 980 vacat,
1217 937 1257 975 in
1288 937 1427 987 pagiua
1458 948 1569 975 versa
1602 936 1748 974 scholia
1779 949 1799 974 a
1830 948 1948 975 manu
1978 935 2108 987 paullo

389 1005 610 1043 recentiore
642 1005 786 1054 scripta
819 1008 922 1042 suut.
982 1004 1080 1042 Item
1112 1005 1309 1054 margines
1341 1003 1499 1042 scholiis
1539 1003 1688 1054 oppleti
1726 1005 1861 1055 paucis
1899 1003 2001 1042 foliis
2042 1016 2107 1041 cx-

390 1073 532 1123 ceptis,
567 1084 734 1121 quorum
768 1073 963 1121 margines
995 1076 1061 1110 aut
1092 1073 1162 1110 toti
1193 1076 1259 1111 aut
1290 1084 1336 1110 ex
1368 1078 1479 1123 parte
1511 1071 1651 1110 abscisi
1683 1077 1785 1110 sunt.
1836 1072 1942 1110 Inter
1973 1083 2111 1110 versus

390 1140 542 1178 additae
575 1144 666 1178 suut
697 1139 944 1190 singulorum
976 1139 1187 1178 verborum
1225 1141 1573 1191 interpretationes
1610 1140 1850 1191 permultae,
1891 1141 1929 1177 in
1969 1139 2111 1189 quibus

388 1207 600 1246 nonnullae
632 1207 841 1246 vernacula
871 1207 1004 1257 lingua
1035 1209 1224 1259 scriptae,
1258 1208 1363 1247 velut
1393 1209 1407 1246 I
1440 1212 1476 1252 3,
1512 1214 1534 1251 7
1568 1216 1605 1245 et
1637 1213 1682 1252 5,
1718 1212 1786 1250 19:
1822 1208 1959 1246 boreas
1983 1208 2111 1245 nord·-

388 1282 523 1321 ostccn‚·
545 1276 570 1314 Ἰ
602 1281 646 1320 5,
679 1279 751 1317 20;
785 1276 984 1324 zephyrus
1012 1280 1186 1314 occeslan.

504 1344 629 1382 Huius
660 1345 779 1394 igitur
818 1343 910 1382 libri
948 1356 1037 1382 cum
1069 1346 1290 1395 scripturae
1329 1344 1631 1395 discrepantiam
1671 1343 1935 1389 excrffierem,
1983 1345 2113 1382 statim

388 1412 564 1450 intellexi
593 1412 633 1449 iu
665 1424 754 1450 eum
785 1411 889 1449 idem
921 1411 1070 1455 valere,
1111 1412 1215 1463 quod
1248 1411 1442 1451 Obharius
1483 1412 1530 1451 de
1569 1413 1711 1450 ceteris
1741 1411 1852 1451 libris
1884 1413 2111 1462 antiquiori-

391 1480 465 1518 bus
496 1479 624 1518 adhuc
656 1479 806 1518 collatis
838 1480 934 1517 dixit
964 1480 1003 1517 iu
1034 1481 1288 1530 praefationis
1320 1492 1408 1531 pag.
1441 1485 1513 1523 51:
1557 1480 1695 1518 Omnes
1722 1482 1790 1528 qui
1817 1481 1949 1518 adlmc
1978 1485 2116 1518 exlant

393 1549 548 1587 codices
576 1559 628 1586 ex
658 1558 735 1585 uno
761 1547 873 1594 fonte
901 1558 1085 1586 mcmasse
1114 1550 1246 1596 quovis
1273 1550 1441 1596 pionore
1460 1550 1743 1595 contenderim,
1772 1553 1986 1597 propterea
2012 1550 2117 1596 qnod

390 1628 521 1655 omnes
552 1621 589 1654 ei
623 1620 715 1654 ante
752 1616 802 1652 ab
843 1616 1122 1664 interpretibus
1159 1621 1195 1654 el
1232 1628 1337 1654 nunc
1376 1628 1401 1654 a
1439 1627 1498 1654 me
1535 1618 1619 1665 ipso
1656 1618 1790 1655 collati
1820 1618 1859 1654 in
1891 1617 2115 1654 leclionibus

390 1686 537 1732 aliquot
563 1684 683 1731 falsis
713 1684 967 1722 consentiunt.
1030 1683 1114 1729 Quo
1147 1684 1188 1721 fit
1218 1689 1261 1723 ut
1292 1685 1377 1722 sere
1410 1683 1506 1722 nihil
1539 1696 1586 1722 ex
1618 1684 1752 1722 codice
1784 1685 1995 1722 Treverico
2036 1684 2113 1723 dis-

392 1764 482 1790 cere
513 1752 729 1802 possimuS,
771 1750 874 1801 quod
915 1764 994 1790 nou
1027 1751 1222 1790 Obbarius
1261 1753 1339 1790 iam
1381 1765 1427 1790 ex
1459 1753 1600 1790 ceteris
1640 1751 1749 1790 libris
1788 1751 1962 1790 melioris
2000 1758 2116 1790 uotae

393 1819 577 1858 attulerit.
642 1819 749 1865 Quae
789 1823 919 1858 autem
960 1820 1141 1869 cognatio
1181 1821 1285 1857 inter
1317 1820 1572 1858 Trevericum
1612 1825 1847 1870 ceterosque
1884 1820 2114 1865 intercedat,

394 1887 541 1925 tamdiu
572 1886 711 1925 inutile
744 1886 839 1924 mihi
870 1886 1024 1925 videtur
1055 1900 1268 1938 quaerere,
1303 1887 1488 1937 quamdiu
1521 1889 1885 1938 antiquissimorum
1924 1887 2116 1926 librorum

393 1954 654 1993 bibliothecae
672 1955 874 1993 Parisinae
898 1954 1172 1993 collationibus
1195 1968 1386 1994 caremus.
1421 1955 1497 1993 Sed
1520 1955 1661 1994 horum
1685 1956 1862 1994 codicum
1885 1968 1958 2007 ope
1981 1967 2115 2006 quam-

394 2035 511 2074 quam
542 2022 669 2061 adhue
700 2035 837 2061 sumus
869 2022 1065 2067 destituti,
1106 2029 1236 2061 tamen
1267 2022 1478 2061 nonnullos
1510 2023 1617 2061 locos
1657 2028 1792 2075 aperte
1832 2024 1989 2075 quidem
2029 2037 2115 2063 cor-

394 2096 551 2142 ruptos,
585 2090 632 2129 ab
665 2089 836 2129 Obbario
876 2096 1004 2129 autem
1038 2091 1238 2141 neglectos
1279 2092 1371 2129 satis
1410 2090 1605 2141 probabili
1644 2092 1868 2129 coniectura
1908 2091 2118 2130 emendare

394 2171 510 2210 posse
540 2158 636 2196 mihi
665 2157 813 2196 videor.

510 2226 686 2272 Quorum
729 2228 881 2276 primus
926 2226 1070 2277 legitur
1113 2228 1153 2265 in
1191 2226 1282 2265 libri
1319 2228 1437 2278 primi
1477 2228 1602 2278 capite
1640 2228 1756 2265 tertio
1795 2240 1832 2277 p.
1866 2232 1889 2269 5
1937 2227 2118 2266 editionis

397 2294 575 2333 Ohbarii:
620 2294 699 2340 An,
731 2296 856 2341 inquil
889 2296 979 2341 illa,
1018 2300 1054 2333 le
1087 2297 1244 2333 alumne
1283 2296 1501 2334 desererem
1539 2306 1610 2332 nec
1645 2296 1865 2344 sarcinam,
1898 2306 2015 2342 (sicam
2044 2297 2122 2334 mci

396 2363 561 2400 nominis
585 2362 734 2400 invidia
760 2364 965 2409 snslulisli‚
996 2364 1278 2401 communicaio
1307 2368 1429 2401 tecum
1457 2363 1592 2401 labore
1614 2360 1823 2410 parco-er?
1872 2364 1990 2410 Alqui
2018 2364 2119 2401 Phi-

396 2430 595 2478 losophiae
621 2430 692 2476 fos
721 2442 797 2468 non
823 2436 911 2468 erac
940 2432 1206 2469 incomilacum
1232 2432 1455 2479 relinquere
1487 2432 1561 2468 iter
1588 2431 1823 2480 innocentis,
1855 2441 1980 2468 meam
2010 2432 2119 2469 scili—

396 2502 458 2537 cet
485 2499 793 2536 criminationem
822 2509 999 2545 vererer,
1030 2504 1067 2536 ec
1094 2500 1211 2546 (semsi
1240 2509 1379 2536 novum
1408 2499 1562 2545 aliquid
1590 2499 1798 2544 accideril‚
1830 2499 2119 2546 perhorresce—

398 2563 510 2604 rem?
571 2564 695 2603 Verba
728 2567 840 2612 acqui
864 2566 1138 2614 Philosophiae
1165 2565 1236 2612 fas
1265 2576 1341 2603 non
1379 2571 1467 2603 erol
1496 2567 1760 2603 incomilolnm
1790 2568 2013 2614 relinquere
2045 2567 2120 2603 iter

399 2634 613 2673 innocentis
643 2633 898 2683 suppositicia
931 2645 1016 2671 esse
1039 2633 1309 2683 compluribus
1331 2634 1573 2683 argumentis
1596 2633 1901 2672 demonstratur.
1943 2634 2118 2672 Primum

400 2699 788 2739 animadvertendum
829 2704 888 2738 est
925 2699 1106 2738 Boetium
1144 2713 1337 2751 nusquam
1370 2706 1450 2739 toto
1491 2701 1591 2739 libro
1632 2701 1695 2739 tali
1737 2701 1851 2739 modo
1892 2700 2118 2750 loquentem

401 2767 692 2819 Philosophiam
723 2766 932 2811 inducere,
968 2772 1010 2805 ut
1042 2769 1153 2806 tertia
1188 2768 1293 2806 verbi
1324 2781 1493 2819 persona
1526 2773 1678 2812 utatur;
1722 2768 1789 2806 sed
1827 2774 1870 2807 ut
1907 2767 2119 2818 largiamur

401 2836 486 2874 aliis
516 2835 612 2873 locis
643 2835 738 2873 ferri
769 2847 885 2885 posse
919 2836 1073 2873 tertiam
1103 2848 1333 2886 personam,
1376 2836 1450 2874 hoc
1492 2842 1598 2875 certe
1637 2836 1724 2874 loco
1755 2847 1934 2885 magnam
1973 2834 2119 2873 habere

402 2903 520 2941 debet
550 2903 825 2946 offensionem,
860 2901 963 2952 quod
994 2903 1033 2940 in
1066 2903 1201 2941 eadem
1224 2905 1514 2943 continuatione
1546 2904 1756 2942 verborum
1780 2903 1940 2941 Boetius
1973 2907 2009 2940 et
2040 2908 2117 2941 ter-

404 2972 453 3008 tia
486 2975 523 3008 et
554 2971 676 3021 prima
709 2983 878 3022 persona
910 2970 1045 3008 utitur.
1106 2971 1282 3015 Accedit,
1317 2972 1420 3021 quod
1452 2973 1491 3009 iu
1523 2971 1659 3009 codice
1691 2971 1900 3009 Treverico
1941 2971 2117 3008 enuntia-

405 3044 484 3076 tum
523 3049 648 3076 meam
678 3040 825 3077 scilicet
853 3038 1163 3076 criminationem
1195 3051 1350 3078 vererer
1380 3043 1417 3077 ec
1447 3040 1563 3087 (sicasi
1590 3049 1729 3076 noonm
1757 3038 1911 3085 aliquid
1931 3038 2122 3075 accideril

402 3106 744 3153 perhorrescerem
775 3105 820 3144 ad
854 3106 1071 3155 marginem
1102 3106 1342 3157 adscriptum
1375 3112 1451 3151 cst,
1494 3111 1536 3144 ut
1566 3106 1734 3155 genuina
1765 3103 1995 3142 adulterinis
2031 3103 2118 3142 loco

408 3178 507 3211 mota
541 3186 626 3211 csse
661 3173 885 3217 videantur;
918 3186 1007 3212 nam
1041 3186 1083 3211 ea
1116 3174 1293 3224 quidem,
1328 3185 1427 3223 quae
1458 3175 1496 3211 in
1530 3173 1704 3223 margine
1735 3172 1881 3222 scripta
1919 3171 2116 3222 leguntur,
