2330 3606
430 173 512 214 356
743 176 782 212 11.
812 177 852 211 A.
881 175 1015 211 Koutl:
1044 170 1342 212 CONlEC'l'ANEA
1371 175 1413 210 ΙΝ
1441 174 1608 211 POETAS
1637 173 1834 212 LATtNOS.

544 289 723 339 Ineptum
756 292 814 325 est
844 287 947 337 quod
969 287 1134 325 Laribus
1166 288 1272 336 signa
1305 285 1421 324 deum
1454 287 1661 325 constituta
1695 300 1780 325 esse
1807 287 2003 332 (licuntur,
2036 288 2148 338 quasi

431 369 508 394 non
546 357 693 394 fuerint
730 355 810 399 dei,
851 354 909 392 vel
949 355 1108 393 omnino
1149 354 1196 392 de
1235 355 1355 403 signis
1387 354 1551 392 deorum
1592 360 1629 393 et
1660 354 1862 394 hominum
1901 356 2144 406 distinguen-

429 424 487 462 dis
525 423 587 462 hie
626 430 849 473 quaeratur.
913 422 992 461 lam
1024 435 1112 461 eum
1153 428 1190 460 et
1227 423 1312 460 l'ast.
1347 424 1390 466 2,
1425 425 1504 465 615
1532 424 1652 470 filque
1680 425 1817 470 §ravis
1846 423 1983 474 (Lara)
2014 426 2144 472 qemi-

427 503 572 540 nosque
594 494 705 540 ρανῖί
730 494 798 539 qul
825 492 994 539 compita
1024 495 1183 528 servan!
1218 489 1338 527 Lares
1377 489 1603 539 compitales
1641 490 1739 529 duos
1776 492 1898 529 fuisse
1936 491 2146 530 doceamur

429 565 465 598 et
496 565 539 603 5,
576 563 654 602 143
694 560 741 598 de
779 560 874 610 ipsis
908 557 1071 597 Laribus
1102 557 1358 596 Praestitihus
1398 557 1557 595 Ovidius
1597 563 1727 595 eanat:
1769 559 1861 596 bina
1893 562 2145 606 qemellorum

426 628 661 676 quaerebam
696 629 811 675 siqua
850 628 1012 664 deorum
1053 626 1207 663 Viribus
1241 636 1414 662 ammsae
1437 624 1553 671 faeta
1582 626 1738 663 caduca
1775 637 1927 674 morae,
1966 628 2144 676 sequitur

426 695 488 733 hie
518 695 729 746 legendum
762 707 867 733 esse:
894 705 1104 743 parvaque
1130 696 1245 741 sigma
1271 694 1372 731 duo.

482 835 575 871 Fast.
599 837 633 873 5,
657 836 743 869 325:
777 834 855 868 Nec
877 833 976 868 volui
992 833 1081 877 fieri
1100 841 1168 867 nec
1188 842 1270 867 sum
1292 832 1457 866 erudelis
1476 832 1515 865 in
1535 831 1616 874 ira,

899 900 1000 936 Cura
1022 901 1232 946 repellendi
1248 901 1316 935 sed
1335 899 1426 934 mihi
1445 899 1549 934 nulla
1562 898 1651 945 fuit.

537 1000 676 1040 Florae
708 1001 903 1039 narrantis
935 1012 980 1037 eo
1013 1012 1053 1037 se
1086 999 1352 1037 Romanorum
1390 999 1580 1037 incuriam
1618 997 1735 1036 ultam
1773 1009 1877 1042 esse,
1919 998 2021 1048 quod
2060 1011 2140 1037 non

424 1069 581 1119 quidem
612 1070 695 1120 ipsa
726 1068 844 1106 flores
875 1067 1108 1118 perdiderit,
1143 1067 1210 1104 sed
1243 1067 1381 1105 damna
1415 1067 1537 1105 ventis
1569 1073 1606 1104 et
1636 1078 1734 1117 aqua
1763 1064 1867 1104 illata
1897 1078 1976 1104 non
2001 1079 2137 1105 arcue-

422 1139 491 1181 rit,
523 1136 660 1181 verba,
695 1148 794 1186 quae
826 1148 944 1187 supra
976 1136 1132 1186 scripsi,
1167 1135 1300 1173 vitiosa
1333 1147 1418 1172 esse
1450 1134 1539 1172 inde
1570 1133 1780 1184 probatur,
1818 1133 1921 1182 quod
1953 1146 2041 1172 eum
2073 1147 2136 1172 vo-

422 1218 510 1244 eum
537 1206 630 1252 fieri
658 1210 696 1243 et
724 1216 809 1243 sum
839 1203 1049 1242 admodum
1080 1201 1280 1252 inelegans
1313 1208 1371 1240 est
1402 1201 1557 1246 relatio,
1592 1207 1672 1240 tum
1703 1201 1928 1252 proximum
1960 1203 2136 1241 enuntia-

420 1279 503 1311 tum
533 1284 634 1312 cura
671 1273 891 1321 repellendi
920 1272 992 1309 sed
1022 1272 1118 1308 milei
1154 1273 1265 1308 nulla
1294 1270 1394 1317 ficit,
1435 1269 1538 1319 quod
1578 1269 1623 1308 ad
1657 1269 1739 1308 sola
1776 1268 1894 1307 verba
1935 1281 2007 1307 nec
2036 1271 2140 1307 volui

415 1343 508 1387 sieri
535 1342 708 1380 crudelis
738 1341 926 1391 pertinet,
959 1339 1092 1389 inepte
1124 1338 1240 1377 verba
1272 1350 1343 1376 nee
1369 1349 1453 1376 sum
1483 1338 1655 1376 crudelis
1682 1340 1721 1375 in
1753 1339 1816 1375 ἱνα
1847 1350 1890 1375 ea
1923 1338 2137 1375 sententiae

419 1409 728 1448 conformatione
761 1408 868 1452 addi,
902 1413 944 1446 ut
981 1420 1070 1445 (rum
1108 1406 1379 1457 superioribus
1409 1418 1574 1457 prorsus
1607 1409 1892 1454 exaequentur,
1933 1406 2027 1443 satis
2065 1404 2133 1443 do-

418 1482 491 1516 cet.
554 1476 814 1515 Serihemlum
847 1480 921 1513 est:
958 1475 1036 1513 Nec
1074 1476 1177 1512 volui
1200 1471 1293 1520 fieri
1325 1475 1446 1511 nimi
1455 1486 1478 1511 u
1488 1485 1525 1510 m
1556 1474 1729 1512 erudelis
1767 1475 1806 1511 in
1840 1475 1916 1511 ira.
1975 1474 2136 1510 nimium

417 1558 507 1583 rum
538 1545 735 1584 adieetivis
766 1544 1017 1581 coniunctum
1049 1547 1152 1580 amat
1182 1541 1358 1585 Ovidius,
1391 1542 1439 1579 ef.
1464 1541 1550 1579 fast.
1574 1545 1617 1584 3,
1652 1544 1751 1584 277;
1787 1546 1828 1585 1,
1861 1545 1961 1584 477;
1997 1553 2070 1579 am.
2095 1543 2132 1585 2,

418 1617 488 1657 19,
522 1616 594 1656 25;
629 1613 724 1651 artis
756 1615 799 1655 3,
825 1615 928 1653 5443
962 1613 1056 1652 602.

470 1740 565 1776 Fast.
588 1742 627 1779 5,
650 1742 731 1773 525:
766 1738 867 1774 Cara
885 1737 964 1783 fuit
983 1738 1152 1772 eonizmae
1169 1738 1319 1782 primae
1340 1736 1431 1770 milei
1449 1747 1546 1771 cura
1567 1737 1741 1772 iuventae

886 1805 1052 1852 Coynz'ta.
1088 1816 1188 1840 mene
1210 1805 1274 1840 ubi
1291 1805 1357 1843 sit,
1379 1805 1587 1850 quaeritis?
1617 1815 1718 1839 urna
1741 1805 1840 1850 teyit.

525 1908 564 1945 Si
603 1907 759 1954 coym’la
799 1906 953 1943 deesset
992 1910 1029 1942 et
1069 1909 1217 1943 tantum
1262 1903 1461 1954 legeretur
1498 1905 1654 1951 primae
1690 1904 1787 1941 mihi
1810 1914 1910 1941 cura
1940 1905 2130 1951 iuventae,

410 1974 539 2024 aliquo
571 1974 687 2012 modo
719 1974 878 2023 Gierigii
905 1973 1177 2023 interpretatio
1217 1972 1349 2022 ‘quam
1382 1977 1424 2010 ut
1454 1971 1660 2022 ducerem,
1693 1972 1818 2022 prima
1850 1970 1945 2009 mihi
1974 1972 2129 2010 iuventa

410 2042 627 2081 curandum
659 2041 867 2093 putabam’
901 2041 995 2079 ferri
1027 2045 1179 2091 posset,
1213 2041 1387 2089 quamvis
1417 2039 1476 2077 vel
1508 2040 1582 2083 sie,
1625 2040 1711 2088 quis
1742 2051 1788 2076 ex
1826 2039 1952 2088 poetis
1983 2038 2129 2077 Latinis

409 2111 615 2160 coniugem
655 2121 796 2148 euram
830 2111 988 2158 primae
1024 2111 1201 2147 {anemae
1247 2107 1407 2151 dixerit,
1448 2107 1594 2145 frustra
1639 2117 1815 2155 quaeras.
1884 2106 1995 2144 Nune
2032 2118 2127 2144 voee

408 2180 564 2226 comzila
595 2177 723 2216 addita
754 2190 842 2215 eum
865 2176 925 2215 vel
957 2178 1041 2215 eius
1066 2175 1170 2214 modi
1200 2175 1486 2226 interpretamli
1508 2174 1711 2213 artificium
1735 2173 1923 2217 deleatur,
1956 2173 2124 2212 redeun-

409 2246 500 2284 dum
535 2251 593 2284 est
624 2246 671 2284 ad
704 2246 809 2283 l’etri
840 2245 1057 2283 Burmanni
1090 2243 1424 2287 enmudafionmn,
1465 2254 1580 2292 quam
1620 2241 1763 2280 nollem
1794 2247 1872 2280 tam
1904 2241 2126 2280 dubitanter

406 2314 698 2364 proposuisset:
729 2315 885 2361 primae
914 2313 1011 2350 milae·
1034 2312 1170 2359 flore
1200 2314 1400 2354 iuventae,-
1440 2312 1485 2348 εἴ.
1520 2310 1597 2348 Val.
1630 2309 1758 2348 Flacci
1791 2314 1825 2352 1,
1861 2313 1937 2351 101
1963 2311 2126 2358 primae

403 2393 470 2418 sen
498 2392 593 2429 quos
625 2383 665 2419 ln.
693 2383 793 2428 flore
821 2383 1000 2418 iuventae
1030 2380 1319 2428 Temptamenla
1350 2383 1495 2421 tenerem
1531 2377 1641 2415 Statii
1672 2376 1794 2414 Theb.
1831 2382 1877 2419 7,
1912 2380 2010 2421 301;
2053 2376 2120 2415 Sil.

404 2448 485 2487 Ital.
523 2453 565 2493 1,
599 2452 699 2492 376;
736 2452 807 2492 16,
842 2452 940 2492 405;
976 2448 1052 2486 Cic.
1087 2447 1134 2485 de
1166 2447 1281 2484 divin.
1317 2450 1359 2489 1,
1392 2448 1457 2486 22.

459 2575 553 2611 Fast.
576 2576 615 2614 6,
638 2578 700 2609 55:
741 2574 851 2610 Dicta
872 2575 967 2619 fides
988 2575 1171 2619 sequitur.
1213 2577 1361 2608 centum
1383 2571 1621 2607 celebramur
1641 2573 1677 2606 in
1700 2572 1791 2614 aris,

834 2642 913 2677 Nec
933 2642 1048 2678 levior
1069 2642 1199 2687 quovis
1219 2646 1273 2675 est
1294 2640 1385 2674 mihi
1404 2641 1539 2675 mensis
1559 2639 1691 2674 honor.

512 2731 610 2769 Iuno
650 2730 826 2781 quamvis
866 2729 1056 2767 honorem
1096 2729 1263 2766 nominis
1302 2729 1428 2766 mensi
1467 2728 1578 2766 lunio
1617 2727 1695 2765 dati
1732 2726 1892 2770 ambiat,
1938 2739 2011 2777 qua
2057 2732 2117 2765 est

400 2798 603 2850 superbia,
637 2811 716 2836 non
747 2802 877 2849 potest
907 2797 1102 2835 affirmare
1133 2809 1212 2834 non
1245 2797 1382 2845 quovis
1413 2795 1486 2833 sihi
1517 2796 1662 2833 mensis
1699 2794 1889 2832 honorem
1927 2793 2113 2831 leviorem

400 2880 507 2911 esse,
542 2868 661 2904 immo
694 2864 798 2914 quod
830 2865 906 2902 iam
938 2869 1093 2901 eentum
1126 2865 1203 2902 aris
1235 2862 1476 2907 celebratur,
1519 2863 1664 2900 mensis
1703 2861 1893 2900 honorem
1932 2861 1977 2899 ad
2018 2861 2112 2900 alios

400 2939 548 2972 tantum
589 2945 842 2972 accessurum
882 2944 953 2970 nee
992 2931 1064 2969 sihi
1104 2943 1338 2981 quamquam
1384 2930 1557 2968 debitum
1597 2930 1726 2980 magni
1767 2928 1985 2967 faciendum
2026 2941 2112 2968 esse

396 3002 636 3051 pronuntiat.
680 3001 814 3050 ltaque
846 2999 908 3037 hie
938 2998 1040 3037 idem
1072 3000 1205 3037 vitium
1238 3004 1352 3049 atque
1383 2998 1468 3036 fast.
1495 3001 1537 3041 2,
1563 3001 1642 3040 854
1674 3007 1929 3046 agnoscemus
1954 3000 1991 3033 et
2012 2996 2107 3033 scri-

397 3068 555 3107 bemus:
589 3069 648 3107 El
675 3070 795 3107 levior
823 3069 954 3116 quovis
979 3071 1035 3104 est
1061 3067 1156 3105 me'lte'
1182 3068 1323 3105 mensis
1354 3066 1488 3103 Ιιοηον.
1530 3065 1584 3103 lta
1617 3064 1771 3102 demum
1804 3068 1983 3113 apparet,
2017 3062 2109 3112 qnid

398 3137 511 3174 verha
552 3137 686 3174 uxoris
719 3135 896 3174 llerrulis
934 3134 1004 3172 sibi
1046 3133 1163 3171 velint
1196 3146 1225 3171 v.
1262 3138 1325 3177 75,
1365 3145 1452 3171 eum
1492 3131 1610 3170 nullis
1648 3131 1731 3170 aliis
1770 3130 1905 3168 offiriis
1944 3130 2105 3173 volatur,

395 3202 497 3240 hum·
532 3216 649 3241 unum
685 3203 872 3241 honorem
906 3214 1009 3245 esse,
1042 3201 1089 3239 de
1121 3214 1197 3251 quo
1229 3200 1476 3243 sollicitetur,
1510 3198 1793 3249 wspomlentis.
