2330 3606
382 207 460 248 144
656 212 692 246 C.
724 210 1022 247 WACHSMVTH:
1055 212 1105 247 DE
1137 212 1160 246 F
1167 206 1345 247 ONTIBVS
1376 211 1431 247 Ex
1461 210 1612 254 QVIBVS
1644 212 1791 249 SVIDAS

378 322 595 360 litterarum
626 334 771 372 genera
802 323 1075 372 perscrutanti.
1139 323 1194 361 sic
1225 334 1329 360 nunc
1365 322 1473 360 lubet
1505 323 1633 361 acrius
1671 324 1919 362 considerare
1959 324 2084 362 vitas

380 391 594 428 virorum
625 390 1068 440 grammaticorum.
1129 391 1168 428 111
1200 389 1340 439 quibus
1372 389 1530 428 Suidam
1563 396 1686 429 totum
1717 391 1889 442 pendere
1931 391 1977 429 ab
2008 391 2082 429 lle-

377 457 510 509 5101110
543 470 588 496 eo
621 457 892 501 confirmatur,
927 458 1030 507 quod
1062 457 1191 496 nullus
1223 462 1552 496 commemoratur
1583 460 1857 508 grammaticus
1879 458 2082 510 Hesychio.

377 526 442 575 qui
472 526 673 563 Anastasio
704 526 941 576 imperatore
980 525 1122 564 florere
1163 526 1290 576 coepit
1327 525 1395 564 sed
1433 526 1526 563 vixit
1564 526 1678 564 etiam
1715 526 1970 576 regnantibus
2001 526 2083 564 Ius-

377 594 456 630 tino
489 593 502 630 l
535 597 572 630 et
604 593 818 631 Iustiniano
840 591 903 643 ¹3),
937 594 1131 643 posterior
1154 591 1210 642 ¹9).
1253 594 1444 631 rationem
1476 599 1605 631 autem
1639 598 1676 631 et
1712 594 1882 632 indolem
1915 593 2082 644 singula-

376 673 462 699 rum
485 660 532 698 de
555 660 717 710 singulis
748 662 1011 710 grammaticis
1032 661 1275 699 notationum
1298 661 1330 697 si
1350 660 1663 711 perlustraveris,
1698 662 1734 699 id
1758 663 1885 700 statim
1909 667 2081 712 apparet,

377 740 441 766 eas
472 729 511 766 in
543 728 715 767 diversas
755 729 941 779 quasdam
983 727 1126 766 classes
1164 733 1303 779 sponte
1343 729 1504 778 seiungi.
1575 728 1781 779 diligenter
1820 730 1920 767 enim
1961 730 2016 780 (ut
2045 730 2083 766 iu

377 797 600 835 universnm
638 796 787 847 loquar)
821 801 972 834 veteres
1011 797 1253 845 grammatici
1297 800 1513 834 tractantur
1552 797 1617 846 qui
1655 808 1778 846 usque
1817 796 1863 834 ad
1901 797 2085 835 Hadriani

376 868 540 902 aetatem
573 865 808 909 extiterunt,
844 865 1097 914 omniumque
1129 864 1419 902 accuratissime
1453 864 1487 901 ei
1518 864 1584 913 qui
1615 865 1751 915 primis
1782 864 2085 915 imperatorilms

377 931 630 981 regnantibus
660 932 806 970 Romae
838 932 1012 982 magistri
1042 932 1292 982 prodierunt,
1326 931 1429 969 velut
1461 932 1666 983 Dionysius
1699 931 1831 970 Glauci
1863 933 1886 970 f.
1920 932 2082 970 Alexan-

376 999 533 1044 drinus,
565 999 854 1051 Epaphroditus
893 999 975 1043 alii,
1009 1011 1177 1049 quorum
1208 1000 1254 1037 de
1285 1000 1356 1037 vita
1397 999 1634 1050 amplissima
1666 1000 1774 1050 copia
1806 999 2003 1038 interdum
2036 1012 2084 1037 ne

377 1068 645 1106 minutissimis
677 1067 833 1117 quidem
863 1066 982 1106 rebus
1014 1068 1156 1118 spretis
1188 1072 1381 1105 narratur.
1427 1072 1561 1106 contra
1594 1068 1815 1118 quicunque
1842 1067 2083 1117 temporibus

374 1135 672 1186 insesplentibus
710 1146 836 1184 usque
874 1135 919 1173 ad
959 1136 1137 1186 quintum
1177 1135 1375 1192 saeculum
1416 1135 1595 1173 vixerunt
1633 1136 1666 1172 ei
1703 1136 1816 1186 pauci
1855 1135 2082 1179 afferuntur,

376 1203 423 1240 de
454 1204 528 1241 vita
561 1216 696 1242 eorum
727 1202 821 1241 nihil
853 1200 1095 1252 0011110020),
1128 1203 1211 1241 fere
1243 1200 1460 1254 5010110121)
1493 1215 1542 1240 110
1573 1202 1619 1240 de
1641 1206 1766 1240 aetate
1790 1202 1946 1252 quidem
1976 1203 2082 1252 quie-

377 1282 493 1320 quam
524 1270 696 1316 additur,
731 1270 812 1310 sola
843 1272 986 1322 scripta
1017 1271 1121 1309 1111110
1153 1275 1444 1309 enumerantur.
1505 1274 1705 1321 postremo
1736 1270 1904 1320 largiore
1936 1283 2082 1309 memo—

376 1339 431 1377 ria
462 1351 601 1377 rursus
633 1340 759 1389 agitur
791 1339 837 1377 de
870 1340 924 1377 eis
945 1340 1207 1388 grammaticis
1229 1338 1470 1389 Byzantinis,
1505 1337 1646 1388 quibus
1667 1337 1839 1388 aequalis
1861 1338 1919 1376 vel
1941 1350 2086 1389 suppar

376 1407 448 1444 suit
474 1406 690 1458 Hesychius
721 1406 912 1451 Milesius,
942 1406 1195 1445 Hermolaum
1224 1406 1328 1451 11100,
1368 1403 1662 1457 Ει1ςο1111111122),
1701 1405 1969 1450 Timotheum,
2008 1405 2084 1457 Hy-

376 1474 616 1525 perechium.
681 1486 777 1524 quae
810 1476 841 1513 si
871 1476 1135 1526 perpensitas,
1176 1478 1315 1525 sponte
1348 1473 1475 1512 elucet
1504 1474 1741 1526 Ilesychium
1771 1475 1810 1512 in
1842 1473 2084 1512 recensendo

375 1554 493 1592 grege
524 1543 868 1592 grammaticorum
899 1542 1098 1581 luculento
1131 1546 1289 1580 auctore
1322 1554 1434 1579 usum
1468 1553 1552 1579 esse
1582 1542 1776 1580 Hadriano
1808 1541 1959 1592 aequali
1993 1542 2084 1594 (sive

376 1614 556 1648 auctores
588 1614 760 1648 statuere
791 1611 929 1654 mavis,
964 1609 1188 1648 auctoribus
1211 1611 1293 1647 eius
1314 1608 1539 1660 temporis),
1572 1609 1711 1647 (10111110
1732 1610 1833 1648 bona
1854 1611 2083 1648 auctoritate

376 1677 607 1715 destitutum
639 1690 732 1716 suae
763 1678 919 1716 demum
952 1679 1088 1716 aetatis
1120 1677 1298 1716 homines
1329 1690 1374 1715 ex
1405 1678 1527 1728 ipsius
1559 1678 1745 1716 memoria
1774 1677 1974 1728 paululum
2001 1676 2082 1728 ple-

375 1746 463 1783 nius
495 1744 762 1796 descripsisse.
824 1750 940 1796 atque
972 1745 1080 1783 adest
1111 1746 1360 1784 manifestum
1392 1745 1577 1783 indicium
1609 1744 1795 1783 luculenti
1833 1744 1935 1783 illius
1966 1746 2084 1783 fontis

377 1825 406 1851 5.
440 1825 472 1851 v,
506 1811 776 1863 Ἡρωδιανὸς.
844 1825 1012 1863 namque
1052 1813 1099 1851 de
1147 1814 1220 1851 vita
1262 1812 1473 1850 llerodiani
1518 1813 1863 1862 grannnaticorum
1909 1813 2083 1850 omnium

375 1880 489 1931 longe
528 1880 775 1919 celeberrimi
814 1880 861 1919 de
899 1892 975 1930 quo
1015 1882 1100 1919 iure
1140 1885 1205 1919 tuo
1243 1893 1365 1932 pauca
1404 1884 1510 1919 certe
1549 1880 1663 1919 verba
1703 1884 1885 1931 expectes
1901 1877 1956 1931 23).
1990 1879 2083 1918 nihil

468 2072 507 2113 1ὴ)
534 2073 619 2114 quin
642 2083 753 2114 usque
780 2073 826 2104 ad
850 2072 983 2114 primos
1008 2072 1223 2103 Iustinianei
1248 2072 1351 2114 regni
1377 2082 1490 2103 annos
1508 2072 1692 2104 historiam
1711 2081 1811 2103 suam
1830 2071 1993 2111 deduxit3
2012 2072 2082 2104 vid.

377 2117 539 2151 Mueller.
567 2118 636 2159 frg.
662 2118 743 2152 hist.
771 2118 831 2149 Gr.
857 2118 929 2149 IIII
954 2129 986 2159 p.
1015 2119 1090 2149 143.

469 2162 506 2202 ¹¹³)
534 2173 616 2194 nam
640 2164 795 2195 Ioannes
820 2163 1041 2204 Philoponus
1068 2173 1171 2204 quem
1198 2163 1471 2204 grammaticum
1498 2162 1684 2204 appellant
1708 2161 1941 2204 philosophus
1966 2162 2082 2204 potius

379 2210 414 2238 et
438 2208 627 2250 theologus
653 2212 717 2240 est.

466 2252 507 2292 ²⁰)
533 2256 672 2284 tantum
698 2254 740 2285 de
768 2253 839 2284 Oro
863 2253 1106 2284 Alexandrino
1133 2253 1275 2284 additur
1300 2251 1495 2284 παιδεύω(
1520 2251 1558 2284 ἐν
1586 2251 1994 2291 Κωνεταντινουπόλει,
2023 2253 2083 2293 qui

378 2298 468 2329 vixit
494 2298 647 2330 fortasse
674 2299 858 2339 Hesyehio
885 2298 1070 2339 aequalis3
1105 2302 1227 2329 tamen
1252 2309 1293 2329 eo
1320 2298 1398 2329 loeo
1425 2308 1502 2328 eum
1530 2298 1666 2338 aliquot
1690 2297 1810 2328 verbis
1836 2297 1892 2328 vel
1919 2298 2082 2329 versibus

379 2343 512 2384 elapsis
538 2344 630 2374 11111ιο
657 2345 861 2375 notationes
887 2354 1075 2385 perperam
1108 2343 1310 2374 coaluerint
1342 2344 1399 2382 (id
1432 2343 1521 2383 quod
1547 2342 1723 2373 Ritseheli
1751 2342 1914 2373 acumine
1941 2343 1983 2373 de
2011 2343 2082 2373 Oro

379 2391 415 2418 et
440 2389 572 2419 Orione
599 2400 631 2430 p.
660 2390 699 2420 lo
725 2390 907 2420 detectum
934 2399 1013 2420 esse
1040 2392 1160 2420 notum
1187 2388 1268 2428 est),
1296 2388 1437 2419 omnino
1465 2388 1554 2423 certi
1582 2388 1773 2428 quiequam
1799 2388 1885 2419 seiri
1910 2388 2045 2429 nequit.

466 2433 507 2473 21)
535 2437 638 2464 aetas
664 2434 822 2465 breviter
846 2434 1073 2474 significatur
1105 2433 1218 2464 solum
1249 2433 1342 2474 apud
1367 2433 1592 2464 Athenaeum
1618 2433 1947 2474 deipnosophistam
1976 2434 2080 2472 (aue-

377 2482 490 2509 torem
516 2489 578 2520 per
603 2479 808 2519 Byzantina
834 2482 997 2520 tempora
1022 2489 1162 2520 semper
1187 2478 1361 2508 industrie
1394 2477 1631 2517 lectitatum),
1669 2478 1912 2509 Herodianum
1947 2478 2076 2519 (quode

378 2524 501 2555 statim
527 2524 689 2564 dicetur),
716 2524 983 2555 Eudaemonem
1006 2523 1222 2565 ((ύγχρονοε
1240 2520 1409 2561 Λιβανίου
1434 2524 1501 2553 τοῦ
1528 2521 1713 2563 coquet-ou,
1740 2522 1832 2563 πρὸς
1859 2522 1902 2554 ὃν
1928 2523 1985 2554 καὶ
2011 2522 2082 2553 δια-

379 2568 508 2609 φόρω(
535 2567 705 2609 φαίνεται
729 2567 904 2609 γράφων;
939 2569 1020 2600 inde
1047 2569 1158 2609 igitur
1184 2568 1353 2609 temporis
1380 2569 1511 2599 notitia
1537 2567 1675 2608 fluxit),
1710 2568 1864 2609 denique
1892 2568 1985 2609 apud
2010 2568 2079 2598 Lu-

378 2624 523 2655 percum
552 2618 587 2645 et
612 2613 831 2653 Ilelladium,
860 2624 1007 2655 quorum
1032 2617 1181 2654 uterque
1207 2616 1245 2643 ut
1270 2613 1306 2643 in
1323 2613 1449 2644 tabula
1467 2613 1618 2644 fontium
1637 2613 1768 2644 50111110
1793 2613 1932 2654 positus
1958 2613 2010 2644 ita
2036 2613 2080 2643 ab

380 2670 421 2690 eo
446 2662 638 2700 usurpatus
665 2662 719 2689 est
743 2659 866 2700 itaque
894 2659 1037 2690 aliunde
1064 2658 1174 2689 facile
1201 2658 1429 2689 innotescere
1455 2659 1572 2699 potuit
1598 2659 1742 2690 Suidae.
1777 2658 1819 2689 de
1848 2658 2081 2689 Ammoniano

379 2707 499 2735 autem
525 2714 619 2744 quae
650 2707 843 2735 narrantur
874 2705 993 2735 omnia
1025 2704 1070 2735 ad
1094 2704 1328 2735 Damaseiiun
1352 2703 1545 2735 referenda
1571 2713 1666 2744 esse,
1699 2704 1771 2735 iam
1796 2704 1988 2735 Kusterum
2013 2713 2081 2735 non

379 2750 484 2791 fugit.

467 2793 518 2835 ¹²²)
551 2792 719 2833 Εὐγένιο(
752 2791 943 2834 Τροφίμου
978 2792 1316 2833 Αὐγουετοπόλεωε
1346 2794 1412 2834 τῆς
1444 2792 1483 2825 ἐν
1509 2791 1649 2835 Φρυγίᾳ
1673 2791 1931 2834 γραμματικός.
1971 2791 2081 2823 οὗτος

378 2837 539 2872 ἐδίδαξεν
570 2838 608 2870 ἐν
643 2837 1032 2870 Κωνεταντινουπόλει
1066 2838 1123 2869 καὶ
1154 2837 1200 2869 τὰ
1226 2837 1378 2878 μάλιετα
1409 2838 1590 2879 διαφανής
1616 2838 1681 2879 ἦν,
1713 2836 1968 2879 πρεεβύτη(
2001 2836 2080 2877 ἤδη

380 2883 440 2916 ὼν
466 2884 534 2915 ἐπ)
560 2882 851 2916 Ἀναεταείου
878 2882 1107 2922 βαειλέω(’
1134 2882 1300 2924 ἔγραψε
1327 2884 1402 2915 κτλ.

467 2928 509 2970 ²³)
536 2940 650 2971 neque
677 2930 707 2960 51
733 2928 908 2961 voluisset
932 2929 1136 2969 Hesychius
1161 2932 1305 2970 praeter
1330 2930 1538 2970 primarium
1569 2938 1669 2961 suum
1701 2930 1884 2959 auctorem
1911 2927 2001 2958 alios
2027 2927 2080 2957 di-

379 2974 548 3015 ligentius
582 2974 788 3013 consulere,
822 2973 997 3004 defuisset
1028 2974 1218 3014 quaerenti
1253 2978 1420 3013 eventus,
1461 2984 1541 3005 eum
1572 2974 1630 3005 vel
1667 2976 1793 3004 auctor
1827 2970 2080 3004 Ἀπολλωνίου

383 3018 647 3060 Ἀλεξανδρέως
684 3019 751 3051 τοῦ
789 3019 1041 3059 γραμματικοῦ
1083 3016 1159 3058 βίου
1192 3019 1271 3060 (qui
1308 3019 1344 3050 in
1374 3018 1557 3060 Apollonii
1593 3019 1755 3060 syntaxis
1797 3017 1880 3050 edit.
1913 3016 2079 3058 Sylburg.

381 3065 552 3096 Francos.
582 3066 665 3096 1590
691 3075 723 3106 p.
754 3066 769 3094 1
803 3065 996 3105 impressus
1028 3064 1130 3095 deest
1162 3066 1198 3094 in
1225 3065 1492 3095 lVestermanni
1519 3063 1747 3105 biographis)
1775 3062 1864 3093 haee
1890 3066 2012 3103 posset
2036 3063 2079 3093 110

382 3120 422 3139 00
448 3110 612 3142 tradere:
639 3107 823 3141 ἐπαίδευςέ
849 3117 891 3140 τε
916 3107 1168 3150 (Apollonius)
1193 3107 1262 3140 τὸν
1287 3108 1368 3141 υἱὸν
1394 3108 1510 3140 αὐτοῦ
1537 3107 1764 3149 Ἡρωδιανὸν
1788 3108 1968 3138 τοεοῡτον
1994 3105 2080 3138 ὅεον

380 3153 424 3184 τα
450 3153 535 3195 τέλη
560 3156 626 3195 τῆς
652 3153 875 3186 παιδεύεεω(
903 3152 1086 3194 εἰληφότα
1111 3153 1314 3194 ἀποετῆναι
1339 3153 1402 3185 ἀπ)
1420 3153 1534 3185 αὐτοῦ
1561 3152 1617 3184 διὰ
1641 3152 1709 3184 τὸν
1734 3150 1871 3183 οἰκεῖον
1896 3151 2032 3192 κλῆρον
2056 3151 2078 3191 ἡ

381 3196 436 3228 δια
461 3198 505 3229 τὸ
531 3198 709 3239 μητρυιὰν
735 3200 837 3239 αὐτῷ
864 3200 1092 3237 (υναγαγεῖν,
1118 3197 1272 3238 ἀφίκετο
1297 3198 1334 3229 δὲ
1359 3198 1393 3230 ἐ(
1419 3198 1564 3239 Ῥώμην
1589 3197 1647 3229 ἐπὶ
1673 3196 1826 3237 Μάρκου
1854 3195 2079 3228 Ἀντωνίνου

382 3242 438 3273 καὶ
458 3242 652 3286 ὺιέγραψεγ
670 3244 781 3276 ἑκεῑεε
807 3243 852 3275 τὰ
878 3242 1049 3275 κάλλιετα
1075 3243 1132 3274 καὶ
1159 3244 1338 3276 τοεοῦτον
1363 3243 1448 3275 ὅεον
1473 3244 1530 3275 καὶ
1548 3240 1653 3283 φίλος
1672 3244 1725 3283 τῷ
1753 3240 1893 3282 Μάρκῳ
1919 3240 2079 3281 γέγονεν.
