2330 3606
478 165 519 201 H.
550 166 590 200 A.
620 163 756 199 KOCH:
788 147 1085 199 CONIECTANEA
1116 161 1159 197 IN
1188 161 1356 198 POETAS
1387 160 1584 197 LATINUS.
1805 156 1886 197 337

286 276 390 315 Haec
420 274 749 325 quemadmodum
787 273 994 323 vulgantur
1032 273 1185 322 integra
1222 284 1308 310 esse
1345 276 1566 321 nequeunt,
1608 283 1696 309 eum
1724 274 1887 322 propter

176 356 309 383 vocem
339 354 488 392 quoque
518 354 683 393 prorsus
717 353 945 392 perversam
982 345 1067 378 tum
1106 339 1215 383 ideo,
1257 339 1361 389 quod
1400 343 1549 377 amator
1587 351 1713 389 nuper
1752 342 1888 389 captus

173 413 226 451 ita
254 416 406 450 tantum
435 412 476 449 in
507 409 669 460 laqueos
701 408 841 447 cadere
873 409 948 447 diei
974 412 1130 459 posset,
1162 408 1195 445 si
1224 408 1370 445 iterum
1392 411 1613 457 caperetur,
1647 419 1667 444 a
1699 417 1774 455 qua
1797 417 1887 443 sen-

173 481 295 518 tentia
328 479 445 529 longe
483 482 636 530 poetam
679 476 817 516 abesse
849 481 887 514 et
925 488 996 527 per
1032 487 1073 514 se
1104 479 1286 525 apparet,
1326 486 1399 512 nec
1430 475 1462 512 si
1499 473 1538 511 id
1571 473 1775 517 voluisset,
1816 484 1888 510 vox

173 548 312 586 ilerum
343 546 481 585 deesse
518 550 684 597 poterat.
748 544 854 589 Quae
887 556 975 582 cum
1011 544 1064 581 ita
1102 542 1199 586 sint,
1240 541 1343 591 quod
1380 541 1565 580 Heinsius
1600 542 1757 591 scripsit
1785 541 1888 578 Dum

173 615 283 655 cadit
304 616 345 652 2'72
371 616 531 662 laqueos
560 617 741 662 captatus
770 623 897 659 nuper
926 615 1080 648 amator
1112 610 1164 648 ita
1196 609 1467 660 amplecterer,
1501 614 1545 647 ut
1574 621 1709 646 vocem
1739 619 1890 656 quoque

175 695 221 721 ex
245 694 359 720 versu
380 685 460 725 589
490 683 692 720 exclusum
720 684 755 717 te
783 689 933 726 quoque
963 682 1096 726 tanyet
1125 688 1235 715 amor
1265 678 1473 728 irrepsisse
1495 676 1679 720 dicerem,
1712 676 1788 713 nisi
1817 674 1889 713 alia

173 750 249 789 loci
280 748 511 788 emendandi
549 749 646 786 ratio
688 758 810 796 eaque
849 745 971 784 multo
1002 744 1152 784 facilior
1184 749 1341 795 praesto
1374 749 1489 783 esset.
1554 744 1753 782 Commate
1786 743 1888 780 enim

174 822 265 869 post
295 819 454 865 laqueos
483 817 612 867 posito
644 814 743 853 hanc
775 813 990 852 efficiemus
1022 814 1276 856 sententiam,
1314 817 1357 851 ut
1387 817 1536 851 amator
1568 813 1634 861 qui
1664 823 1768 849 nunc
1800 822 1890 847 cuni

174 886 342 924 maxime
372 885 413 922 in
443 883 605 934 laqueos
637 882 738 922 cadit
769 881 1031 931 coniungatur
1062 892 1151 931 cum
1183 893 1228 918 eo
1259 881 1327 931 qui
1356 892 1484 931 nuper
1516 884 1653 930 captus
1685 882 1755 918 est.

230 1000 327 1036 Rem.
349 1010 414 1035 am.
438 1001 524 1034 209:
565 998 630 1034 Vel
650 1007 747 1044 quae
767 997 883 1042 piscis
903 997 1006 1032 edax
1027 997 1133 1032 avido
1154 996 1251 1030 male
1272 996 1424 1031 devoret
1445 1005 1528 1038 ore,

652 1065 800 1101 Abdere
821 1065 1010 1110 supremis
1031 1074 1125 1099 acra
1147 1074 1309 1099 recurva
1329 1064 1429 1099 cibis.

286 1155 517 1194 Rectissime
548 1154 733 1192 Heinsius
762 1154 804 1191 in
834 1164 927 1191 voce
957 1154 1150 1200 supremis
1180 1151 1362 1196 offendit,
1396 1163 1494 1201 quae
1525 1151 1578 1189 ita
1609 1154 1761 1189 tantum
1791 1149 1889 1188 ferri

175 1229 329 1275 posset,
364 1224 396 1261 si
427 1226 540 1274 poeta
569 1222 792 1273 scripsisset
819 1231 1006 1269 suprema
1033 1232 1133 1258 aera
1160 1221 1254 1258 cibis
1284 1220 1546 1266 circumdare,
1574 1230 1809 1268 quamquam
1829 1216 1890 1255 vel

177 1293 232 1331 sic
272 1295 590 1342 exspectaremus
626 1299 777 1327 summa
815 1300 893 1326 non
931 1299 1128 1336 suprema.
1192 1287 1452 1326 Scribendum
1492 1292 1569 1325 est:
1612 1287 1767 1324 Abdere
1805 1285 1892 1323 sub

172 1360 345 1408 parvis
379 1369 477 1396 aera
508 1368 676 1395 recurva
706 1357 822 1399 cibis‚·
862 1356 909 1394 cf.
934 1360 1026 1394 met.
1059 1359 1102 1400 8,
1130 1358 1210 1398 856
1249 1366 1270 1393 ο
1300 1356 1368 1403 qm·
1390 1355 1606 1403 pendentia
1627 1364 1757 1403 parvo
1782 1354 1889 1390 Aera

176 1428 260 1466 cibo
289 1428 421 1471 celas‚·
454 1426 539 1464 fast.
567 1427 612 1469 6,
637 1427 717 1466 240
756 1425 898 1471 quique
930 1427 1063 1471 legunt
1084 1424 1226 1471 parvis
1254 1434 1351 1460 aera
1379 1434 1546 1461 recurva
1575 1423 1691 1466 cibis,·
1723 1433 1810 1472 epp.
1845 1432 1891 1458 ex

176 1495 300 1534 Ponto
332 1497 369 1538 2,
402 1499 446 1538 7,
481 1496 532 1535 10
569 1493 637 1540 qui
658 1493 776 1530 semel
806 1497 862 1530 est
881 1493 1012 1530 laesus
1028 1482 1177 1538 scillaei
1197 1492 1318 1539 piscis
1340 1491 1389 1529 ab
1410 1491 1544 1538 hamo,
1579 1490 1761 1529 Omnibus
1788 1499 1893 1527 unca

175 1563 271 1603 cibis
301 1572 399 1600 aera
428 1561 580 1600 subesse
605 1563 731 1609 puzal.

233 1678 328 1714 Rem.
351 1687 418 1712 am.
440 1678 524 1711 375:
558 1673 712 1710 Grande
732 1679 867 1710 sonant
888 1676 1035 1721 tragici.
1078 1675 1242 1721 trayicos
1263 1676 1369 1711 decet
1388 1675 1449 1709 ira
1470 1674 1689 1710 cothurnos

652 1742 785 1778 Vsibus
806 1753 826 1778 e
846 1743 976 1778 mediis
996 1753 1130 1779 soccus
1150 1743 1346 1779 habendus
1366 1744 1451 1779 erit.

289 1833 420 1872 usibus
450 1830 681 1869 mutandum
712 1843 798 1869 esse
829 1831 869 1869 in
900 1832 1108 1877 lusibus,
1141 1842 1240 1881 quae
1275 1843 1347 1870 vox
1378 1831 1489 1868 unice
1520 1842 1634 1868 socco
1671 1841 1890 1869 accommo-

178 1901 266 1940 data
297 1906 368 1945 est,
399 1901 476 1939 iam
506 1898 691 1937 Heinsius
721 1897 925 1936 intellexit.
977 1897 1113 1937 Restat
1143 1898 1309 1937 alterum
1341 1899 1476 1936 vitium
1505 1910 1526 1936 e
1555 1898 1703 1942 mediis,
1734 1898 1775 1935 in
1807 1898 1892 1946 qui-

177 1969 252 2008 bus
281 1968 441 2007 vocibus
471 1978 544 2005 neo
573 1967 813 2017 praepositio
845 1978 918 2004 nec
949 1965 1128 2005 adiectivi
1166 1967 1273 2005 notio
1307 1965 1607 2017 explicationem
1638 1964 1766 2004 habet.
1828 1966 1892 2003 At-

179 2049 254 2088 que
295 2036 538 2075 enuntiatum
576 2045 710 2073 soccus
740 2034 942 2072 habendus
977 2036 1053 2072 erit
1089 2034 1120 2071 si
1156 2046 1229 2084 per
1267 2047 1308 2073 se
1350 2039 1591 2085 spectamus,
1630 2032 1894 2082 intellegimus

179 2105 350 2145 dativum
387 2103 556 2154 requiri,
599 2113 676 2152 quo
713 2101 929 2146 indicetur,
970 2107 1014 2140 ut
1052 2102 1208 2151 tragicis
1247 2102 1354 2140 sonis
1391 2101 1571 2140 cothurni
1601 2105 1803 2152 aptentur,
1842 2101 1894 2138 ita

179 2184 338 2211 soccum
368 2170 591 2210 comoediae
631 2176 668 2208 et
697 2169 923 2208 ludibundis
960 2168 1217 2214 carminibus,
1258 2168 1383 2218 qualia
1422 2169 1581 2207 Ovidius
1620 2169 1795 2219 scripsit,
1833 2169 1891 2206 in—

180 2239 380 2278 duendum
411 2250 509 2277 esse.
572 2238 695 2284 Quem
735 2237 904 2275 dativum
942 2238 974 2275 si
1011 2249 1105 2275 voce
1141 2239 1287 2275 lusibus
1317 2237 1509 2274 contineri
1547 2236 1786 2279 tenebimus,
1827 2235 1892 2274 ad-

179 2308 362 2346 iectivum
384 2306 520 2344 deesse
542 2309 715 2357 apparet,
750 2304 854 2354 quod
886 2303 933 2343 ad
956 2316 1091 2342 vocem
1119 2306 1278 2352 prande
1300 2306 1539 2343 contrarium
1559 2304 1769 2343 referatur.
1819 2303 1893 2342 Ita·

181 2386 256 2425 que
289 2373 527 2413 scribemus:
564 2373 729 2412 Lusibus
761 2374 960 2420 exiquis
999 2383 1133 2411 soccus
1167 2373 1370 2411 habendus
1399 2375 1495 2417 erit:
1538 2372 1584 2411 cf.
1620 2383 1650 2410 v,
1686 2376 1764 2414 715
1802 2372 1895 2409 exe·-

177 2454 298 2492 9uum
328 2447 384 2480 est
413 2442 518 2490 quod
542 2441 684 2478 deinde
710 2451 877 2485 canam,·
908 2440 1004 2478 trist.
1039 2445 1084 2484 5,
1118 2442 1163 2483 2,
1189 2444 1237 2481 11
1270 2441 1418 2478 scillcet
1447 2442 1602 2487 exique's
1624 2440 1789 2488 prodest
1818 2429 1892 2476 an—

181 2521 276 2548 nosa
311 2514 496 2552 vetustas,
527 2508 752 2546 Grandibus
782 2509 976 2547 accedunt
1005 2513 1175 2557 tempore
1202 2509 1349 2546 damna
1371 2510 1508 2552 malis‚·
1538 2507 1625 2545 fast.
1660 2510 1703 2551 2,
1736 2511 1761 2548 4
1792 2518 1896 2544 nunc

178 2579 349 2626 primum
389 2578 498 2622 velis,
534 2577 652 2623 eleffl',
690 2576 903 2614 maioribus
933 2577 1012 2625 itis,
1052 2576 1253 2623 Easiyuum
1285 2578 1443 2614 memini
1476 2587 1603 2624 nuper
1631 2577 1752 2613 eratis
1779 2585 1896 2622 opus:

181 2646 267 2684 fast.
292 2647 328 2688 6,
354 2647 405 2685 22
437 2655 531 2682 ause
550 2654 625 2691 per
652 2645 816 2691 exiyuos
845 2654 992 2691 magna
1021 2643 1179 2690 referre
1209 2644 1364 2688 modos,·
1395 2655 1483 2694 epp.
1518 2655 1564 2681 ex
1595 2642 1718 2680 Ponto
1750 2644 1785 2685 3,
1810 2645 1846 2685 4,
1871 2646 1894 2682 5

180 2720 238 2752 εει
265 2723 361 2761 opus
385 2713 573 2759 exiyuum
602 2713 813 2759 veslre'sque
841 2711 1041 2749 conalibus
1070 2712 1213 2760 impar,
1246 2716 1284 2749 et
1307 2716 1513 2762 praeterea
1536 2710 1635 2748 trist.
1660 2713 1696 2753 2,
1720 2712 1799 2750 223
1829 2711 1896 2746 lu-

181 2781 283 2819 sibus
312 2786 354 2818 ut
379 2780 503 2828 possis
528 2778 733 2817 advertere
762 2789 903 2817 numen
933 2778 1083 2827 ineplis.

239 2895 325 2943 Epp.
348 2897 387 2934 2,
409 2895 470 2928 31:
503 2892 618 2935 Iura,
637 2893 732 2938 fides
753 2893 816 2928 ubi
836 2904 936 2928 nunc
956 2894 1226 2940 commissaque
1248 2895 1411 2930 dextera
1432 2894 1604 2937 (lemme,

592 2960 736 3006 Quique
757 2965 841 2995 erat
861 2962 899 2995 in
916 2960 1019 3006 falso
1037 2961 1227 3006 plurimus
1244 2972 1309 2997 ore
1330 2963 1446 2997 deus?

297 3049 439 3087 Vitium
470 3049 574 3087 vocis
604 3049 694 3086 iura
726 3060 771 3085 ex
793 3052 904 3098 parte
924 3046 1117 3086 intellexit
1137 3048 1340 3094 Heinsius,
1374 3062 1460 3087 cum
1485 3049 1642 3098 scripsit
1663 3049 1752 3085 iura
1770 3047 1894 3094 fides-

187 3128 271 3164 que.
330 3115 406 3154 Sed
436 3117 520 3154 iura
551 3115 613 3153 hic
645 3116 802 3154 omnino
834 3127 912 3153 non
943 3119 1031 3166 apte
1063 3123 1440 3159 commemorant-11¹,
1482 3115 1548 3153 ubi
1584 3119 1671 3153 vota
1711 3114 1891 3153 obsecra-

186 3184 411 3232 tionesque,
458 3194 553 3232 quas
592 3187 741 3221 amator
787 3183 833 3221 ad
872 3182 1042 3234 puellam
1080 3182 1288 3222 fallendam
1326 3184 1552 3226 iactaverat,
1601 3186 1889 3233 proponuntur.
