2330 3606
381 140 463 181 344
686 142 726 178 H.
757 142 798 177 A.
829 140 963 177 KOCH:
996 139 1295 176 CONIECTANEA
1326 139 1367 175 IN
1397 138 1566 174 POETAS
1596 137 1791 174 LATINOS.

385 257 503 294 tentia
542 255 835 303 distorqueatur
875 251 1035 290 vocibus
1080 253 1165 289 sine
1202 251 1426 296 arboribus,
1473 248 1616 299 quibus
1660 248 1859 300 peculiare
1905 248 2101 298 quoddam

384 324 527 362 montis
566 320 815 360 describendi
855 325 1099 358 momentum
1138 318 1383 361 continetur,
1434 316 1545 355 alteri
1591 318 1807 356 sententiae
1847 317 1947 368 parti
1982 319 2102 365 lonqa

383 402 577 430 conteras
607 391 645 427 in
678 399 852 436 aequora
889 388 1148 437 interpositis.
1220 385 1297 423 Sed
1337 383 1548 423 scribendo
1588 384 1744 432 Lonyus
1782 385 1831 423 ab
1869 385 2104 433 aequoribus

385 465 423 497 et
454 458 641 497 arborum
672 457 876 495 notionem
906 467 1073 506 prorsus
1094 454 1358 493 necessariam
1387 453 1583 490 immerito
1607 452 1764 491 sustulit
1794 458 1832 492 et
1860 457 2000 504 poetae
2032 451 2101 491 oh-

384 528 502 566 trusit
524 537 623 575 quae
644 523 819 574 intellegi
841 527 1055 573 nequeunt.
1104 522 1239 572 Itaque
1270 525 1393 559 restat
1424 524 1465 558 ut
1495 519 1732 559 scribamus:
1765 521 1911 559 Liber
1942 521 1997 559 ab
2027 531 2104 558 ar-

384 596 549 641 boribus,
583 591 914 643 quemadmodum
945 590 1090 640 legitur
1120 591 1207 628 fast.
1243 594 1288 632 5,
1326 591 1406 631 707
1444 588 1542 626 liber
1578 588 1628 626 ab
1665 588 1870 627 arboribus
1897 590 2005 627 locus
2038 592 2104 635 est,

385 668 481 712 apta
511 673 608 700 area
637 672 821 710 pussnae3
856 659 903 697 cf.
939 659 1054 697 etiam
1086 662 1177 696 met.
1213 660 1256 699 3,
1292 659 1371 698 709
1409 660 1533 693 monte
1564 656 1656 703 fere
1690 657 1816 694 medio
1854 663 1911 695 est
1939 658 2105 704 cinqen-

386 732 485 769 tibus
513 732 649 768 ultima
680 730 786 766 silvis
816 728 947 765 Purus
976 727 1025 764 ab
1052 726 1258 764 arboribus
1290 724 1514 772 spectabilis
1551 725 1724 772 undique
1758 736 1932 773 campus.
1993 724 2103 763 Cete-

385 811 473 838 rum
506 802 612 837 recte
644 796 829 835 Heinsius
859 805 1055 833 convexus
1093 795 1133 831 in
1171 804 1437 832 conversas
1466 796 1640 831 mutasse
1670 792 1842 836 videtur,
1884 804 1972 831 cum
2011 791 2105 832 alte-

386 880 476 906 rum
507 865 668 904 vocibus
699 866 739 902 in
770 873 946 912 aequora
977 861 1151 913 adaptari
1182 864 1361 910 nequeat.

444 982 524 1018 Met.
551 984 609 1021 13,
631 983 716 1015 922:
750 979 848 1015 Nam
870 979 977 1014 modo
999 978 1180 1013 ducebam
1202 977 1379 1012 ducentia
1401 976 1498 1012 retia
1514 977 1654 1021 pisces.

509 1068 770 1109 Scribendum
818 1079 904 1105 esse
951 1066 1053 1105 Nam
1090 1045 1202 1104 modo
1244 1065 1502 1103 tendebam
1549 1038 1843 1103 demonstratur
1889 1063 1948 1102 his
1988 1063 2106 1103 locis:

389 1152 477 1191 epp.
513 1143 556 1183 5,
591 1140 663 1180 203
705 1139 777 1180 20,
812 1138 883 1178 46;
924 1137 997 1179 21,
1030 1137 1133 1178 206;
1174 1146 1246 1172 am.
1284 1136 1327 1177 1,
1362 1136 1407 1177 8,
1441 1135 1512 1175 693
1548 1133 1642 1171 artis
1677 1137 1722 1176 1,
1756 1137 1827 1176 45;
1868 1144 1964 1170 rem.
2006 1135 2107 1176 202;

391 1211 484 1246 met·
518 1210 561 1251 8,
595 1208 697 1248 3313
731 1208 776 1248 4,
810 1206 903 1246 513.

447 1323 528 1359 Met.
553 1323 613 1362 13,
633 1323 719 1357 932:
761 1319 878 1366 thue
900 1327 1137 1354 recenserem
1160 1318 1330 1363 captivos
1351 1317 1483 1352 ordine
1500 1317 1639 1362 pisces,

757 1387 924 1433 Insuper
945 1386 1120 1432 exposui,
1147 1395 1241 1432 quos
1263 1389 1328 1420 aut
1349 1386 1387 1420 in
1410 1386 1507 1420 retia
1528 1394 1642 1420 casus

756 1455 832 1490 Aut
852 1465 923 1490 sua
945 1455 1154 1490 credulitas
1175 1455 1211 1488 in
1235 1454 1404 1488 aslemcos
1425 1457 1557 1499 eqerat
1576 1452 1720 1488 hamos.

505 1547 575 1585 Hic
607 1546 779 1596 primum
812 1556 884 1582 vox
915 1544 1083 1592 exposui
1111 1555 1190 1581 non
1223 1543 1314 1580 satis
1336 1541 1513 1591 quadrat,
1547 1553 1634 1579 cum
1667 1542 1795 1592 pisces
1820 1553 1892 1578 nec
1924 1540 1970 1579 ad
2001 1553 2112 1592 spec-

393 1615 554 1656 tandum
594 1625 667 1652 nec
708 1613 818 1662 quasi
858 1610 1029 1650 siccandi
1068 1610 1114 1649 ad
1154 1610 1276 1649 solem
1317 1609 1580 1660 explicentur,
1630 1608 1698 1648 sed
1738 1612 1888 1647 tantum
1922 1608 2036 1647 modo
2075 1610 2114 1647 in

392 1688 501 1722 terra
532 1685 750 1734 ponantur;
793 1679 934 1718 deinde
974 1678 1021 1717 de
1056 1691 1147 1717 voce
1179 1680 1340 1727 insuper
1372 1678 1547 1727 quaestio
1580 1677 1768 1716 exoritur.
1830 1676 1954 1722 Quam
1985 1677 2017 1715 si
2049 1689 2113 1715 ex-

394 1751 600 1803 plicaveris
626 1752 858 1797 praeterea,
891 1759 970 1785 non
1001 1745 1120 1785 habet
1157 1757 1234 1796 quo
1273 1746 1489 1789 reseratur,
1531 1744 1623 1783 solis
1663 1744 1837 1796 piscibus
1876 1756 2113 1783 commemo-

394 1821 509 1862 ratis;
553 1819 584 1856 si
616 1817 664 1856 de
695 1816 781 1854 loco
813 1816 1034 1866 acceperis,
1083 1816 1176 1853 item
1215 1814 1326 1852 deest
1362 1825 1427 1852 res
1464 1813 1638 1864 piscihus
1677 1812 1863 1851 subiecta.
1924 1812 1981 1852 Ad
2020 1823 2115 1862 quas

399 1885 650 1926 difficultates
682 1897 770 1922 cum
803 1883 974 1927 accedat,
1008 1882 1111 1932 quod
1143 1894 1208 1920 res
1239 1880 1430 1932 postulat,
1463 1886 1506 1919 ut
1537 1881 1747 1931 separatim
1779 1879 1956 1919 collocati
1986 1881 2116 1931 pisces

396 1960 462 1994 aut
490 1953 642 1993 retibus
673 1956 739 1991 aut
769 1951 894 1990 hamis
925 1951 1027 2002 capti
1057 1951 1338 2000 significentur,
1372 1948 1609 1987 scribemus:
1642 1949 1878 1987 Diversos
1903 1949 2060 1997 posui.

452 2070 532 2105 Met.
558 2071 616 2109 14,
641 2070 723 2103 172ι
756 2066 865 2110 Quod
886 2068 1019 2112 loquor
1040 2071 1074 2102 et
1095 2067 1198 2112 spiro
1220 2066 1441 2112 caelumque
1464 2069 1498 2100 et
1519 2065 1646 2100 sidera
1667 2065 1756 2100 solis

762 2135 948 2181 Respicio.

512 2226 591 2263 Vsu
622 2223 762 2263 horum
795 2228 1001 2274 poetarum
1031 2236 1111 2262 non
1142 2223 1271 2261 sidera
1304 2221 1396 2261 solis
1428 2221 1495 2260 sed
1526 2220 1673 2259 lumina
1705 2220 1798 2259 solis
1831 2220 1919 2273 (Ov.
1952 2225 2043 2259 met.
2081 2225 2116 2264 1,

400 2298 498 2337 135;
524 2296 624 2335 767;
659 2296 694 2335 4,
718 2294 818 2335 238;
848 2296 911 2336 14,
935 2294 1035 2335 238;
1060 2293 1160 2330 trist.
1187 2294 1223 2335 2,
1249 2294 1348 2333 325;
1376 2291 1488 2339 Verg.
1512 2290 1605 2328 Aen.
1630 2293 1666 2333 8,
1691 2287 1755 2338 69)
1781 2289 2006 2328 confirmari
2029 2301 2118 2327 cum

399 2361 557 2411 quidam
589 2358 894 2403 intellexissent,
928 2365 1226 2410 proposuerunt
1256 2364 1294 2397 et
1319 2359 1468 2396 lumina
1497 2359 1610 2402 solis,·
1649 2357 1714 2395 sed
1748 2356 1870 2395 multo
1902 2356 2118 2406 elegantius

399 2429 639 2468 scribemus:
673 2429 903 2475 caelumque
932 2434 969 2465 et
996 2428 1132 2465 sidera
1155 2428 1306 2471 eaeli;
1338 2426 1384 2464 cs.
1412 2426 1524 2475 Verg.
1548 2426 1642 2464 Aen.
1670 2429 1705 2469 1,
1730 2428 1810 2467 259
1840 2425 1975 2462 sidera
1997 2425 2119 2468 caeli,-

401 2501 473 2540 11,
508 2499 607 2539 878ς
647 2505 780 2544 georg.
818 2499 860 2539 1,
886 2498 965 2537 335
996 2496 1099 2533 caeli
1126 2506 1274 2532 menses
1303 2499 1340 2532 et
1369 2493 1526 2537 sidera,·
1564 2496 1609 2537 2,
1642 2497 1684 2536 1;
1725 2497 1805 2535 477
1836 2479 2014 2540 caelique
2036 2494 2119 2531 vias

399 2570 436 2603 et
462 2565 620 2607 siclera;
660 2566 705 2606 4,
739 2565 810 2604 58;
852 2562 997 2601 Tibulli
1037 2568 1078 2607 1,
1112 2566 1155 2605 9,
1189 2566 1260 2606 35;
1305 2562 1371 2599 Ov.
1406 2566 1497 2599 met.
1534 2563 1604 2605 13,
1639 2563 1719 2603 292
1759 2572 1922 2609 eumque
1951 2562 2030 2598 alto
2060 2561 2117 2598 si-

401 2633 502 2670 dera
532 2632 666 2674 eaelo,·
703 2633 795 2667 met.
823 2632 866 2674 2,
902 2633 981 2673 487
1020 2640 1160 2667 manus
1191 2631 1246 2667 aa
1275 2631 1428 2668 eaelum
1458 2634 1494 2666 et
1523 2629 1658 2667 sidera
1689 2630 1808 2673 tollit,·
1837 2634 1928 2667 met.
1955 2634 1990 2673 7,
2015 2631 2115 2671 58ος

400 2704 491 2739 met.
527 2702 564 2743 8,
598 2700 678 2741 372
716 2699 898 2736 caelestia
928 2698 1086 2741 sidera,·
1116 2697 1214 2735 trist.
1250 2700 1287 2741 2,
1320 2701 1385 2739 57.

460 2815 539 2850 Met.
564 2816 624 2853 14,
646 2814 732 2848 669:
1181 2812 1325 2848 Helene
1347 2823 1421 2848 non
1438 2813 1615 2859 pluribus
1636 2816 1732 2848 esset

767 2880 977 2916 Sollicitam
993 2881 1137 2926 procis,
1160 2891 1228 2915 nec
1250 2891 1346 2927 quae
1369 2880 1570 2926 Lapitheia
1591 2881 1701 2916 movit

765 2949 935 2989 Proelia,
959 2958 1026 2983 nec
1046 2949 1215 2983 coniunx
1237 2950 1355 2984 timidi
1375 2954 1441 2984 aut
1462 2950 1619 2984 (iudaeis
1649 2947 1779 2983 Vlixei.

516 3037 627 3083 Quod
659 3036 844 3076 Heinsius
874 3049 946 3088 pro
979 3042 1162 3087 corrupta
1203 3038 1330 3076 timidi
1357 3042 1426 3076 aut
1454 3038 1587 3088 posuit
1617 3036 1778 3081 timidis,
1817 3039 1923 3073 recte
1963 3034 2116 3076 Merke-

404 3104 480 3144 lius
511 3106 658 3149 reiecit,
694 3106 876 3154 quoniam
908 3116 980 3143 nec
1012 3116 1196 3154 umquam
1218 3117 1292 3143 vox
1317 3106 1459 3144 audax
1490 3105 1573 3142 eius
1594 3103 1699 3142 modi
1730 3102 1992 3141 additamento
2025 3114 2116 3140 one-

405 3178 514 3211 ratur
546 3178 583 3211 et
605 3172 741 3212 saltem
774 3172 984 3212 dicendum
1017 3177 1099 3211 erat
1130 3174 1167 3210 in
1194 3173 1357 3211 timidos.
1408 3171 1660 3211 Desideratur
1681 3170 1913 3210 adiectivum
1944 3170 1990 3209 ad
2020 3181 2118 3209 con—
