2330 3606
522 139 563 175 H.
594 140 633 175 A.
664 138 796 175 KOCH:
827 138 1122 175 CONIECTANEA
1154 138 1195 174 IN
1226 138 1392 175 POETAS
1421 140 1617 176 LATINOS.
1847 135 1927 178 327

220 249 309 288 dem
340 262 405 294 eo,
439 249 542 299 quod
572 261 644 287 vox
674 260 792 288 sacra
824 249 869 287 ad
901 251 1026 300 ipsam
1057 249 1169 287 deam
1199 249 1371 288 refertur
1403 254 1441 288 et
1472 262 1558 288 61101
1581 249 1795 290 fabricandi
1816 263 1927 289 voca-

219 317 311 356 bulo
343 317 591 367 coniungitur
622 317 822 361 materies,
855 317 959 355 unde
991 316 1191 355 fabricatio
1222 316 1323 354 facta
1354 322 1432 361 est,
1474 317 1542 355 sed
1580 319 1749 368 primum
1788 331 1928 369 parum

217 383 502 435 probabilitatis
532 383 677 422 habere
708 383 825 422 verba
854 396 875 422 c
912 385 1005 434 vite,
1039 395 1136 433 quae
1169 394 1245 433 quo
1277 384 1392 422 modo
1431 385 1470 422 111
1509 386 1664 423 inventa
1701 386 1928 424 transierint

217 453 315 490 ratio
345 451 484 490 idonea
516 452 726 501 excogitari
756 453 911 501 nequit,
945 464 994 490 ne
1024 453 1152 502 ipsum
1192 451 1348 500 quidem
1380 451 1591 502 Hauptium
1630 453 1747 502 fugit,
1787 452 1927 491 deinde

219 519 333 557 vitem
363 518 467 556 illam
499 530 649 557 sacram
679 519 800 557 fuisse
832 520 1061 569 priusquam
1098 519 1138 556 in
1176 523 1325 558 statuae
1366 531 1481 556 usum
1520 518 1772 557 adhiberetur
1810 533 1926 559 nemo

217 586 354 630 tradit,
387 590 470 624 tum
502 585 596 623 nihil
627 586 749 624 refert
780 587 1020 624 notissimam
1051 585 1246 636 Apollonii
1276 586 1541 624 narrationem
1563 587 1683 625 fuisse
1706 587 1924 637 Propertio,

216 653 290 691 nisi
320 653 444 703 ipsius
475 657 599 692 aetate
631 654 713 691 eius
748 653 851 691 modi
882 652 1134 691 simulacrum
1166 654 1359 691 exstitisse
1391 653 1616 697 credemus,
1652 653 1754 702 quod
1794 654 1925 693 admo-

216 719 309 758 dum
338 720 596 770 improbabile
629 725 699 759 est.
764 720 869 766 Quae
902 733 990 758 cum
1022 721 1073 758 ita
1105 721 1202 764 sint,
1236 720 1474 759 scribemus:
1514 721 1734 769 Dindymus
1769 727 1806 760 et
1840 734 1926 760 sa-

215 798 299 825 cro
330 788 583 826 celebrata
614 789 658 826 in
689 790 878 826 vertice
910 793 1076 826 mater.
1138 787 1193 826 De
1222 787 1377 839 Cybebe
1409 800 1483 826 una
1516 789 1651 827 matris
1682 801 1775 827 voce
1807 790 1923 839 signi-

215 854 325 893 ficata
364 855 477 906 plura
514 855 644 894 dicere
683 868 760 894 11011
799 856 957 898 31111161;
999 854 1158 893 afferam
1198 859 1347 893 tantum
1378 856 1490 905 Verg.
1523 867 1655 906 georg.
1688 861 1730 901 4,
1765 860 1817 899 64
1847 859 1925 894 tin-

214 923 392 970 nitusque
419 924 478 961 cie
507 928 545 961 et
571 924 708 961 matris
736 929 852 971 quate
879 922 1059 971 cymbala
1088 924 1260 966 mcum,-
1291 933 1406 972 quam
1438 922 1550 961 facile
1580 925 1701 962 matri
1741 923 1927 962 substitui

214 991 386 1041 potuerit
424 990 579 1039 Cybele,
618 994 790 1041 apparet.
858 989 1056 1028 celebrata
1097 994 1227 1028 autem
1264 990 1304 1028 in
1339 990 1544 1037 fabricata
1583 995 1814 1042 corruptum
1852 996 1923 1036 est,

213 1062 421 1108 postquam
453 1057 596 1109 syllaba
635 1069 679 1096 ce
715 1057 845 1096 locum
884 1057 1056 1095 mutavit.
1120 1057 1174 1096 Cf.
1215 1061 1421 1108 praeterea
1453 1057 1564 1097 Statii
1601 1058 1682 1097 silv.
1720 1063 1761 1102 1,
1797 1063 1839 1103 1,
1874 1062 1924 1101 16

213 1126 280 1163 cui
304 1126 444 1164 vertice
473 1136 589 1164 sacro
619 1125 841 1174 Dindymon
872 1131 908 1163 et
930 1127 1056 1164 caesis
1086 1125 1257 1163 decrevit
1282 1125 1495 1172 frondibus
1523 1125 1611 1165 Ide.

268 1242 307 1279 5,
330 1242 369 1279 3,
394 1241 451 1274 11;
484 1240 639 1275 Haecne
660 1238 800 1275 marita
818 1240 915 1285 fides
935 1244 970 1275 ct
984 1244 1126 1285 pactae
1145 1245 1234 1276 sunt
1253 1241 1343 1276 milii
1362 1246 1501 1283 noctes,

595 1306 683 1343 Cum
704 1308 812 1343 rudis
831 1308 984 1354 uryenti
1000 1308 1181 1343 bracchia
1201 1310 1298 1344 victa
1319 1309 1429 1344 dccli?

324 1395 365 1433 111
398 1395 669 1434 constituenda
702 1407 838 1433 versus
871 1399 918 1436 11
953 1396 1148 1446 scriptura
1179 1396 1372 1447 Hauptius
1410 1397 1447 1434 in
1486 1408 1619 1447 progr.
1653 1397 1781 1436 Berol.
1818 1401 1924 1441 1856

211 1475 248 1513 p.
284 1468 306 1505 7
338 1462 617 1501 demonstravit
646 1462 973 1514 proficiscendum
1007 1475 1092 1501 esse
1123 1476 1144 1502 a
1175 1463 1255 1502 sola
1288 1463 1532 1515 Neapolitani
1562 1464 1655 1508 fide,
1690 1466 1756 1514 qui
1787 1464 1920 1504 habet:

211 1531 287 1569 hae
317 1542 442 1579 parce
485 1531 576 1569 avia
613 1536 755 1569 noctes.
825 1529 900 1568 Sed
940 1530 1042 1579 quod
1081 1531 1165 1581 ipse
1203 1532 1432 1582 proposuit:
1474 1535 1510 1570 et
1538 1536 1685 1581 pactae
1722 1533 1778 1570 (ed
1813 1535 1924 1572 saria

210 1602 358 1648 noctes,
390 1602 553 1649 propter
583 1599 706 1649 ipsam
739 1610 874 1636 vocem
904 1599 1035 1646 savia,
1067 1609 1183 1648 quam
1215 1598 1437 1637 doctissime
1468 1598 1693 1644 illustravit,
1726 1613 1805 1639 non
1843 1600 1922 1652 pla-

213 1670 283 1703 cet.
325 1666 508 1711 Quamvis
540 1666 643 1704 enim
674 1665 840 1705 Romani
870 1677 964 1703 voce
995 1666 1144 1703 savium
1176 1678 1491 1716 nonnumquam
1524 1667 1705 1706 affectum
1737 1667 1923 1719 pudicum

211 1734 531 1783 significaverint,
565 1745 642 1771 1100
674 1732 775 1777 11661,
810 1733 968 1784 opinor,
1002 1745 1155 1778 vocem,
1191 1745 1265 1783 qua
1287 1734 1472 1773 Horatius
1494 1733 1637 1779 semel,
1670 1735 1862 1785 Vergilius
1884 1737 1923 1774 111

212 1800 407 1840 6313166115
437 1801 532 1838 116111
563 1799 705 1845 5611161,
746 1812 818 1838 1166
848 1800 1028 1840 Tibullus
1066 1813 1139 1839 nec
1171 1801 1330 1840 Ovidius
1369 1812 1555 1851 umquam
1585 1802 1647 1840 usi
1678 1807 1787 1847 sunt,
1827 1803 1920 1842 Pro-

210 1868 357 1919 pertio,
390 1867 492 1918 apud
525 1878 641 1917 quem
671 1868 765 1906 item
797 1867 917 1906 semel
949 1872 985 1913 3,
1017 1871 1082 1912 29,
1106 1871 1157 1911 39
1188 1869 1403 1913 invenitur,
1437 1869 1664 1908 coniciendo
1694 1870 1918 1910 obtrudere.

211 1935 287 1974 Sed
318 1936 473 1986 gravius
504 1940 562 1973 est
584 1934 687 1984 quod
720 1935 845 1973 tribus
876 1935 991 1980 locis,
1026 1935 1168 1986 quibus
1190 1934 1285 1974 11366
1309 1948 1379 1974 νοΧ
1407 1936 1509 1987 apud
1532 1938 1753 1987 Augusteae
1785 1939 1920 1978 aetatis

209 2006 344 2054 poetas
374 2001 535 2052 legitur,
577 2014 655 2040 non
693 2002 835 2053 pudico
876 2002 943 2040 sed
976 2003 1175 2054 impudico
1216 2004 1370 2042 3116611ιί
1408 2004 1661 2054 significando
1699 2004 1919 2051 adhibetur,

209 2070 295 2109 1060
327 2074 478 2114 autem,
511 2069 559 2107 de
591 2080 666 2119 quo
699 2071 860 2119 agimus.
894 2083 971 2108 non
1004 2075 1153 2110 tantum
1177 2071 1224 2109 de
1248 2072 1332 2109 eius
1360 2072 1464 2110 modi
1495 2072 1635 2111 affeetu
1669 2074 1918 2123 6081131106-

210 2138 312 2191 quit,
346 2137 414 2176 sed
446 2137 710 2180 desideratur,
751 2149 828 2187 quo
860 2137 955 2175 fides
988 2139 1123 2177 marita
1156 2139 1246 2177 vitta
1286 2144 1322 2176 et
1354 2141 1436 2177 l'ace
1468 2140 1712 2185 confirmata,
1753 2154 1869 2192 quam
1901 2155 1920 2181 3

210 2205 351 2256 Lyeota
389 2204 488 2243 laedi
520 2205 698 2254 queritur
729 2204 939 2248 Arethusa,
981 2207 1137 2255 gravius
1177 2207 1291 2244 etiam
1329 2206 1535 2245 indicetur.
1598 2208 1732 2257 Itaque
1771 2208 1918 2246 scribe-

210 2284 314 2310 mus:
355 2272 515 2310 Hccecnc
553 2274 697 2310 marita
726 2273 827 2319 sides
855 2279 890 2311 cl
915 2277 1060 2321 pactae
1091 2284 1115 2310 a
1143 2276 1355 2321 eoniuqc
1385 2279 1533 2319 nocles;
1564 2275 1611 2313 61.
1644 2287 1676 2313 V.
1709 2280 1759 2318 49
1798 2279 1921 2315 omnis

210 2350 320 2378 artior
349 2350 533 2387 maanus,
562 2340 633 2378 sed
659 2345 795 2388 aperto
824 2342 864 2378 in
894 2342 1057 2389 cone'uye
1089 2343 1226 2379 maior.
1288 2341 1330 2378 111
1364 2341 1501 2380 eodem
1533 2343 1705 2381 carmine
1737 2355 1767 2381 V.
1804 2348 1874 2387 47:

475 2443 553 2479 Nec
573 2453 630 2478 me
650 2444 853 2479 tardarent
874 2443 1049 2490 Scythiae
1069 2446 1168 2491 inqu,
1191 2455 1274 2480 cum
1293 2448 1407 2490 pater
1427 2446 1527 2481 altas

551 2509 708 2557 Africus
727 2513 765 2546 in
785 2512 941 2558 qlaciem
958 2510 1108 2559 friyore
1127 2514 1241 2548 nectit
1260 2523 1392 2558 aquas,

208 2623 295 2649 cum
327 2608 447 2648 multa
478 2609 747 2659 improbabilia
779 2610 825 2649 ad
858 2611 1138 2649 emendandam
1171 2616 1397 2662 corruptam
1419 2624 1553 2650 vocem
1576 2612 1740 2660 Africus
1767 2613 1916 2664 prolata

208 2681 355 2721 essent,
388 2675 658 2715 Lachmannus
689 2676 734 2715 ad
766 2677 878 2715 Luer.
913 2691 948 2729 p.
977 2682 1074 2722 161,
1108 2691 1223 2729 quem
1246 2679 1437 2730 Hauptius
1458 2685 1616 2718 secutus
1648 2685 1724 2725 651,
1759 2682 1913 2730 acquie-

207 2746 260 2783 vit
288 2746 327 2783 in
359 2743 645 2783 Schneidewini
676 2744 852 2782 invento:
885 2756 973 2783 cum
1006 2750 1121 2793 pater
1152 2748 1255 2785 altas
1290 2746 1464 2786 Tetricus
1494 2749 1533 2786 in
1566 2750 1731 2795 ylaeiem
1756 2748 1914 2795 friyorc

207 2814 323 2851 nectit
351 2822 489 2859 aquas.
550 2810 626 2848 Sed
656 2816 792 2859 pater,
825 2823 941 2860 quem
972 2812 1101 2850 Iovem
1141 2825 1227 2852 esse
1260 2814 1419 2864 Vergilii
1461 2827 1552 2853 usus
1594 2817 1733 2853 evincit
1766 2816 1910 2866 (georg.

210 2884 253 2923 1,
287 2881 387 2922 122;
421 2881 519 2922 2833
555 2881 654 2922 327;
688 2877 802 2929 353),
845 2890 932 2916 611111
972 2880 1055 2917 61115
1095 2880 1198 2918 modi
1232 2881 1420 2920 adiectivo
1461 2883 1644 2931 coniungi
1684 2881 1802 2920 licere
1840 2883 1913 2919 nisi

209 2939 396 2996 'exemplis
426 2945 736 2984 demonstratum
768 2946 860 2989 erit,
893 2957 971 2983 non
1003 2946 1171 2985 credam.
1233 2949 1460 2999 Propertius
1499 2950 1701 2999 scripsisse
1741 2949 1907 2987 videtur:

207 3023 294 3051 cum
321 3017 438 3061 pater
467 3015 569 3051 altas
610 3014 822 3051 Vorticis
855 3014 893 3050 in
926 3015 1095 3060 maciem
1119 3014 1275 3063 friqore
1310 3018 1426 3054 nectit
1462 3026 1604 3062 aquas,
1638 3016 1684 3053 61.
1720 3015 1785 3054 Ov.
1820 3021 1909 3055 met.

209 3083 253 3123 8,
286 3084 365 3122 555
402 3082 523 3119 multa
558 3091 708 3129 quoque
744 3080 807 3118 liic
842 3085 994 3118 torrens
1026 3082 1174 3120 nivibus
1213 3084 1262 3121 de
1298 3088 1422 3121 monle
1452 3084 1584 3120 solutis
1616 3081 1790 3131 Corpora
1821 3087 1911 3121 lur—

207 3147 317 3185 bineo
342 3148 523 3186 iuvenilia
556 3150 697 3186 vertice
724 3149 873 3195 mersit,
907 3152 944 3185 et
972 3149 1083 3198 Verg.
1115 3162 1247 3199 georg.
1282 3155 1325 3193 4,
1357 3153 1435 3192 135
1465 3155 1503 3187 el
1530 3160 1618 3187 cum
1647 3152 1765 3189 tristis
1791 3151 1913 3190 hiems
