2330 3606
339 157 366 196 4
709 159 745 195 Ο.
778 159 975 194 RlBBECK:
1008 159 1057 194 DE
1091 158 1317 195 lVVENALlS
1348 159 1506 194 SATIRA
1537 160 1689 196 SEXTA.

339 272 376 308 in
426 272 454 308 V
496 276 533 307 et
572 270 623 307 xl
664 282 752 307 raro
795 269 982 307 utendum
1030 274 1114 307 erat
1165 270 1258 307 artis
1298 269 1482 307 remediis
1530 269 1574 306 ad
1623 269 1751 307 luxata
1797 269 1974 307 membra
2019 270 2058 307 in

338 337 469 375 locum
502 337 729 387 reponenda
769 336 886 374 nullis
926 338 1085 374 omnino
1126 336 1203 374 illic
1244 349 1343 386 opus
1375 337 1442 378 sit,
1484 336 1599 374 modo
1630 336 1737 374 filum
1771 338 2056 375 sententiarum

338 405 454 455 panlo
504 406 625 454 magis
671 405 819 442 intenta
860 406 1004 442 mentis
1050 405 1130 442 acie
1180 416 1295 453 qnam
1342 403 1469 441 solent
1506 405 1744 454 interpretes
1791 405 2056 455 persequaris,

337 473 439 511 inter
472 485 569 521 qnos
592 472 714 509 miror
737 471 796 509 vel
819 472 857 510 (1.
883 472 924 510 F.
950 472 1220 510 Hermanntnn
1244 472 1513 509 ‘oeconomiae
1536 471 1761 509 ruditatem’
1785 473 1917 510 nescio
1940 483 2055 521 quam

336 541 375 577 in
408 541 524 577 satira
556 540 606 577 lx
639 539 863 577 offendisse.

453 607 592 645 Cetera
631 608 749 656 igitur
789 618 1061 656 quaecumque
1101 606 1148 644 ab
1188 606 1260 643 hac
1298 618 1435 644 norma
1478 604 1712 649 abhorrent,
1754 610 1819 643 aut
1862 606 2054 650 incohata,

337 687 413 713 non
454 674 650 715 absoluta.
699 678 761 711 ant
803 674 849 711 ab
889 674 962 712 alio
1002 678 1162 711 auctore
1201 673 1435 723 interpolata
1468 672 1527 710 vel
1567 673 1769 723 supposita
1808 678 1874 711 aut
1911 674 1942 711 si
1973 674 2056 711 fieri

335 747 463 793 potest
501 743 539 779 in
579 740 887 792 probabiliorem
927 741 1104 779 ordinem
1145 742 1371 779 coniectura
1410 740 1623 790 redigenda
1675 752 1760 778 esse
1801 752 1936 778 verum
1983 744 2052 777 est.

334 810 451 859 Atqui
484 822 561 847 non
593 822 612 847 a
644 809 825 847 Iuvenale
856 809 1073 859 profectam
1115 821 1199 847 esse
1232 810 1391 846 satiram
1423 812 1570 845 sextam
1611 819 1727 845 nemo
1760 818 1946 857 umquam
1978 812 2055 845 tam

335 879 495 915 insanus
529 878 602 914 erit
634 882 676 915 ut
709 876 767 914 vel
799 876 891 920 sibi,
934 876 1078 914 nedmn
1111 875 1194 913 aliis
1226 876 1466 926 persuadere
1498 879 1682 918 conetur;
1723 887 1801 913 non
1840 875 2054 925 perfectam

337 957 423 983 esse
456 957 504 982 ne
536 949 732 995 putemus,
756 949 860 981 vetat
891 945 1057 994 insignis
1090 949 1127 981 et
1158 956 1229 994 per
1262 943 1433 993 singulas
1456 954 1632 992 quasque
1653 946 1786 992 partes
1807 943 2055 992 paucissimis

337 1012 569 1061 ‹iplibusdam
602 1013 741 1062 pannis
774 1013 946 1062 exceptis
979 1010 1196 1060 aequabilis
1229 1011 1432 1060 elegantia.
1494 1010 1699 1049 Relicuum
1723 1022 1816 1059 ergo
1849 1014 1907 1047 est
1940 1013 1980 1047 ut
2011 1021 2055 1047 ea

335 1081 526 1131 poematis
557 1080 696 1123 forma,
733 1091 849 1128 quam
882 1079 928 1116 ab
961 1083 1121 1116 auctore
1154 1079 1367 1128 perfectam
1392 1090 1477 1116 esse
1509 1079 1583 1116 arti
1606 1079 1689 1115 eius
1722 1082 1759 1115 et
1789 1077 1929 1115 rationi
1961 1089 2052 1114 con-

334 1152 567 1186 sentaneum
600 1152 670 1191 est,
705 1152 770 1185 aut
791 1146 1090 1197 interpretamlo
1123 1150 1231 1183 textu
1254 1145 1445 1184 librorum
1470 1144 1647 1183 eliciatur
1679 1149 1759 1185 aut.
1794 1145 1825 1182 si
1856 1144 1893 1181 id
1924 1145 2054 1182 minus

334 1216 562 1265 contigerit,
597 1214 831 1263 corrigendo
864 1226 942 1251 non
975 1213 1132 1251 audacia
1166 1213 1231 1251 sed
1266 1212 1495 1251 fortitudine
1528 1217 1655 1250 tamen
1689 1211 1955 1250 remediorum
1986 1211 2051 1249 ad·-

332 1282 453 1321 hibita
499 1283 741 1320 restituatur.
818 1282 943 1330 Atque
989 1280 1094 1318 illam
1141 1281 1239 1318 viam
1287 1282 1352 1330 qui
1399 1281 1550 1331 primus
1595 1280 1681 1316 iniit
1723 1278 2053 1329 Naegelsbachius

331 1350 532 1389 videamus
572 1348 725 1399 qualem
766 1348 874 1387 filum
915 1349 1136 1397 argumenti
1178 1360 1223 1386 ex
1263 1347 1418 1386 turbida
1451 1347 1721 1385 membrorum
1754 1347 1938 1396 congerie
1985 1359 2050 1384 ex-

330 1420 504 1469 piscatus
535 1419 595 1455 sit.

445 1486 578 1537 Capita
619 1485 805 1522 nimirum
845 1485 964 1521 totins
1004 1484 1144 1521 satirae
1184 1483 1260 1521 duo
1292 1484 1489 1521 invenisse
1528 1482 1602 1520 sibi
1633 1483 1739 1520 visus
1772 1486 1849 1525 est,
1884 1493 2052 1531 quorum

332 1553 456 1592 altero
482 1553 551 1605 (vv.
578 1548 755 1600 1—285)
781 1552 947 1589 feminae
972 1556 1169 1600 tamquam
1192 1552 1366 1595 maritae,
1391 1550 1513 1589 altero
1539 1551 1607 1602 (vv.
1633 1548 1867 1599 sol—591)
1891 1550 2052 1588 maritae

332 1626 531 1671 tamquam
564 1620 731 1658 feminae
763 1621 813 1657 ita
847 1619 1146 1663 adumbrentur,
1180 1623 1223 1657 ut
1253 1618 1381 1656 medio
1412 1619 1517 1656 inter
1548 1622 1761 1666 utrumque
1790 1618 1918 1668 posito
1940 1617 2051 1654 vitio-

332 1702 419 1727 rum
442 1687 694 1727 muliebrium
718 1688 823 1725 sonte
849 1684 1097 1739 (286—300)
1122 1686 1309 1735 quidquid
1333 1690 1497 1737 peccent
1520 1685 1705 1723 mulieres
1729 1689 1765 1722 et
1787 1685 1984 1723 reseratur
2006 1683 2050 1721 ad

333 1757 500 1795 eundem
531 1757 571 1794 in
602 1756 748 1807 priore,
784 1759 821 1792 et
852 1755 1069 1793 deducatur
1099 1754 1271 1791 Indidem
1311 1755 1349 1791 in
1382 1754 1601 1803 posteriore
1632 1757 1765 1803 parte;
1806 1753 1845 1789 in
1887 1756 2051 1800 utraque

332 1830 462 1863 autem
495 1836 581 1862 eam
613 1823 889 1874 descriptionis
911 1822 1180 1872 gradationem
1212 1821 1425 1863 observari,
1459 1825 1501 1858 ut
1524 1820 1725 1871 profectus
1756 1832 1774 1857 a
1807 1818 2052 1870 turpioribus

331 1892 432 1930 vitiis
464 1890 649 1930 ascendat
686 1902 758 1941 per
789 1891 940 1928 minora
981 1889 1170 1938 quaedam
1203 1889 1248 1926 ad
1281 1888 1504 1927 foedissima
1537 1899 1714 1937 quaeque
1746 1886 1908 1936 flagitia:
1945 1898 2050 1924 sum—

332 1972 435 1997 mam
467 1959 637 2008 denique
670 1958 870 1996 saevitiam
910 1957 1034 2006 qualis
1065 1958 1104 1995 in
1136 1968 1275 1995 scaena
1308 1956 1466 2005 tragicis
1491 1956 1617 2005 poetis
1651 1958 1881 2005 exponatur,
1914 1954 1952 1991 in
1985 1965 2050 1991 ex-

333 2032 456 2065 trema
489 2027 607 2065 satira
640 2038 697 2064 W.
732 2028 950 2067 592—661
987 2025 1157 2063 tractari.

445 2094 572 2139 Quam
604 2093 898 2136 ‘artilh-iosam’,
933 2091 968 2130 11.
1005 2104 1036 2130 e.
1072 2104 1149 2129 non
1182 2092 1264 2129 sine
1288 2092 1459 2129 artiticiis
1482 2090 1716 2139 quibusdam
1739 2088 2050 2138 extorquendam

332 2162 455 2210 magis
487 2173 602 2210 quam
636 2160 864 2198 eliciendam
888 2159 1185 2209 dispositionem
1217 2163 1323 2196 recte
1357 2158 1612 2208 aplwllavisse
1641 2157 1680 2195 C.
1713 2157 1752 2195 F.
1785 2156 2048 2198 Hermanan

331 2228 557 2279 probavisse
597 2233 726 2265 tamen
775 2232 816 2265 nt
859 2226 906 2264 ab
937 2227 1022 2276 ipso
1062 2225 1243 2263 Iuvenale
1277 2226 1532 2275 excogitatam
1574 2226 1702 2262 minus
1742 2227 1848 2261 recte
1880 2223 2046 2261 videtur.

333 2296 428 2334 Nam
475 2299 751 2345 argumentum
809 2295 928 2331 totius
977 2294 1117 2331 satirae
1171 2305 1249 2330 non
1296 2297 1374 2330 tam
1428 2293 1465 2330 in
1521 2291 1799 2329 emnneramlis
1848 2289 2048 2328 illustran-

332 2363 470 2412 disque
508 2364 610 2401 vitiis
646 2362 855 2400 mulierum
897 2360 965 2398 sed
1004 2361 1043 2398 in
1090 2360 1327 2398 deterrendo
1364 2360 1489 2398 amico
1529 2358 1575 2396 ab
1612 2358 1772 2396 ineundi
1809 2358 2048 2396 matrimonii

333 2430 494 2468 consilio
535 2434 724 2468 versatur.
788 2429 881 2467 Inde
920 2429 960 2465 lit
999 2432 1042 2466 ut
1081 2441 1101 2466 a
1132 2428 1321 2466 Pudicitia
1363 2427 1486 2477 qualis
1527 2426 1695 2464 Saturno
1735 2437 1829 2475 rege
1860 2426 1899 2463 in
1932 2426 2050 2464 terris

332 2499 409 2535 visa
432 2498 551 2535 suerit
575 2509 738 2535 exorsus
760 2502 874 2547 poeta
896 2497 1020 2546 posita
1054 2496 1092 2533 in
1114 2497 1200 2546 ipso
1224 2495 1384 2533 exordio
1408 2496 1578 2543 ingenua
1609 2498 1816 2532 montanae
1838 2494 1973 2531 uxoris
1997 2491 2046 2544 (5)

331 2566 499 2614 imagine
531 2564 715 2603 moechos
746 2565 822 2602 iam
862 2568 1044 2613 argentea
1078 2568 1203 2601 aetate
1235 2564 1355 2601 fuisse
1387 2563 1516 2600 statim
1547 2562 1585 2599 in
1617 2561 1821 2611 prooemio
1856 2557 2047 2611 (21—24)

334 2633 563 2670 Postumum
604 2632 760 2675 doceat;
800 2630 893 2668 illuc
932 2643 1008 2668 non
1046 2631 1085 2668 in
1124 2632 1257 2681 priore
1300 2634 1471 2673 tantum,
1513 2628 1666 2678 qualem
1716 2627 2047 2677 Naegelsbachius

332 2701 538 2750 separavit,
573 2700 640 2737 sed
671 2700 711 2737 in
743 2699 966 2749 posteriore
1007 2709 1164 2747 qnoque
1203 2702 1314 2749 parte
1346 2701 1526 2747 spectant
1559 2697 1707 2734 onmia:
1740 2707 1806 2734 ara
1836 2694 2048 2733 Pudicitiae

332 2773 449 2805 noctu
489 2766 639 2818 polluta
683 2766 934 2816 siphonibus,
977 2777 1144 2814 quorum
1185 2764 1294 2802 lacus
1335 2764 1436 2802 eluce
1483 2776 1640 2802 reversa
1684 2774 1846 2812 magnos
1892 2763 2048 2800 visurus

332 2836 476 2872 amiws
507 2834 673 2872 calcare'
706 2833 847 2871 dicitur
869 2834 1078 2871 Postumus
1099 2845 1130 2870 v.
1157 2835 1236 2874 312
1269 2833 1341 2882 (‘tu
1374 2831 1513 2869 calcas'
1547 2844 1578 2869 e.
1604 2842 1638 2880 q.
1664 2828 1722 2880 s.)‚
1756 2842 1875 2880 porro
1906 2828 2048 2867 bonam

332 2901 442 2940 deam
482 2914 553 2953 per
592 2901 783 2939 adulteria
824 2900 1107 2938 celelffantimn
1147 2900 1254 2948 orgia
1296 2899 1390 2950 (329
1423 2898 1522 2949 sqq.)
1558 2903 1596 2937 et
1627 2897 1852 2936 Clodiorum
1889 2895 2047 2934 fraudes

331 2969 405 3006 iam
444 2969 580 3007 solitae
623 2966 751 3020 (345),
793 2967 933 3005 deinde
973 2966 1214 3005 cohibendae
1255 2971 1293 3004 et
1332 2966 1611 3004 custodiendae
1659 2965 1791 3003 uxoris
1839 2961 2046 3001 difficultas

331 3036 606 3085 insuperabilis
654 3037 747 3089 (347
787 3034 908 3084 sqq),
959 3035 1122 3085 prodiga
1169 3033 1334 3083 Ogulnia
1390 3032 1519 3085 (352),
1574 3030 1846 3070 eunuchorum
1893 3041 2047 3067 amores

335 3103 427 3154 (360
460 3103 581 3151 sqq),
622 3103 776 3141 Lamiae
815 3115 887 3153 pro
927 3103 1077 3139 musico
1109 3100 1283 3139 Pollione
1321 3114 1460 3151 preces
1492 3112 1570 3138 non
1601 3100 1730 3137 minus
1762 3098 1898 3136 anxiae
1930 3108 2044 3146 quam

331 3181 402 3220 pro
443 3171 523 3208 viro
565 3170 622 3208 vel
661 3170 779 3208 filiolo
819 3174 1046 3221 aegrotante
1090 3170 1183 3221 (385
1223 3168 1344 3219 sqq),
1387 3169 1520 3206 vinosa
1559 3166 1714 3210 mulier,
1756 3165 1867 3203 cuius
1900 3164 2046 3201 vomitu
