2330 3606
488 167 527 204 H.
557 167 596 203 Α.
626 166 758 203 KOCH:
788 165 1085 204 CONIECTANEA
1120 164 1161 202 IN
1190 166 1356 203 POETAS
1384 165 1575 203 LATINUS.
1809 160 1887 203 321

750 325 823 371 11.
893 326 958 371 In
992 323 1328 384 Propertium.

240 464 256 496 1
275 491 282 502 ‚
305 464 341 501 3,
366 463 426 497 15:
458 460 630 497 Subiecto
651 462 781 498 leviter
798 463 960 507 positam
982 464 1166 506 temptare
1187 461 1330 496 lacerto

539 528 748 575 Osculaque
769 530 921 565 admota
941 538 1090 564 sumere
1111 532 1146 562 et
1167 539 1276 562 arma
1297 539 1425 563 manu.

297 617 371 663 Qui
399 616 518 655 verba
547 622 584 655 et
608 627 722 654 arma
753 616 800 654 de
830 616 934 655 bello
965 616 1132 655 Venerio
1169 616 1417 667 interpretati
1455 620 1566 659 sunt,
1598 615 1711 654 foeda
1741 615 1804 654 illa
1836 621 1890 654 te-

184 684 313 724 lorum
344 684 606 723 obscenorum
637 685 960 735 interpretatione
998 684 1143 722 reiecta
1181 682 1227 721 ad
1265 681 1492 731 ζεύγματος
1524 682 1628 732 quod
1660 683 1794 721 dicunt
1825 696 1890 733 ge-

184 765 259 791 nus
290 753 568 802 confugerunt,
611 763 688 801 quo
725 751 889 789 verbum
919 762 1070 789 sumere
1098 751 1269 800 primum
1299 751 1482 801 propria,
1520 750 1660 788 deinde
1692 750 1892 801 metapho-

185 821 265 859 ric-a
311 821 469 858 notione
506 818 813 869 intellegeretur.
888 818 1000 864 Quod
1037 816 1265 866 ζεύγματος
1308 829 1432 868 genus
1477 830 1565 856 cum
1604 817 1732 867 aliquo
1778 818 1894 856 modo

186 888 342 927 defendi
372 898 488 938 posse
519 886 714 931 videatur,
755 897 853 924 nova
891 885 1099 924 difficultas
1136 885 1226 923 inde
1258 886 1452 929 exoritur,
1486 885 1609 935 quod,
1651 898 1739 923 culn
1779 886 1893 924 verba

184 957 319 994 oscula
348 965 500 993 sumere
530 966 614 992 rem
646 958 791 992 certam
813 958 862 991 et
892 965 1030 997 unam,
1062 953 1179 991 verba
1210 965 1326 991 arma
1355 964 1506 991 sumere
1543 952 1655 991 ludos
1687 955 1896 991 amatorios

186 1024 224 1061 in
257 1023 481 1061 universum
514 1021 750 1071 significent,
785 1020 862 1058 duo
895 1021 1092 1059 enuntiata
1123 1020 1244 1058 altera
1282 1020 1353 1058 hac
1391 1021 1670 1071 discrepantia,
1712 1033 1811 1071 quae
1849 1021 1894 1059 ad

185 1090 340 1139 Ζεῦγμα
370 1088 536 1134 accedit,
568 1089 621 1127 ita
652 1088 969 1137 distorquentur,
1002 1092 1046 1126 ut
1076 1087 1122 1126 dc
1153 1089 1478 1139 interpretatione
1508 1087 1573 1126 illa
1594 1087 1795 1126 abicienda
1824 1088 1893 1126 du-

186 1157 311 1196 bitare
343 1169 596 1206 nequeamus.
659 1156 799 1194 Latere
832 1156 965 1194 vitium
994 1156 1034 1193 in
1065 1154 1194 1193 verbis
1224 1160 1261 1193 et
1289 1167 1404 1193 arma
1435 1168 1523 1194 cuin
1556 1154 1640 1193 aliis
1671 1155 1765 1194 vidit
1797 1156 1893 1194 Gro-

188 1226 345 1269 novius,
378 1226 487 1263 cuius
519 1225 741 1263 coniectura
774 1234 926 1261 sumere
955 1223 1012 1260 aa
1038 1234 1110 1260 ora
1141 1234 1261 1261 manu
1291 1223 1458 1274 Hauptio
1489 1222 1645 1274 placuit.
1700 1223 1775 1261 Sed
1808 1236 1895 1262 cum

186 1305 264 1331 non
296 1293 389 1331 satis
419 1297 505 1343 apta
537 1291 712 1329 videatur
742 1290 837 1329 haec.
867 1295 945 1328 tam
976 1295 1154 1329 accurata
1176 1303 1314 1329 manus
1345 1290 1521 1329 admotae
1554 1291 1800 1340 significatio,
1833 1304 1895 1330 re-

187 1359 386 1398 deundum
425 1364 483 1397 est
520 1358 566 1397 ad
607 1357 792 1408 Scaligeri
837 1362 875 1396 et
912 1357 1060 1396 Heinsii
1104 1359 1337 1396 sententiam
1384 1357 1585 1409 epitheton
1625 1359 1728 1396 vocis
1764 1362 1897 1398 oscula

188 1427 473 1477 quaerentium.
535 1428 660 1475 Atque
693 1437 792 1475 quae
822 1424 877 1462 illi
910 1426 1228 1475 excogitaverunt
1258 1426 1395 1472 larda,
1424 1430 1550 1472 certa,
1583 1431 1742 1474 carpta,
1765 1431 1895 1474 rapla.

186 1494 463 1546 probabilitate
485 1492 773 1536 destituuntu1·;
808 1493 1012 1544 scripsisse
1034 1492 1187 1531 videtur
1208 1493 1456 1543 Propertius:
1493 1492 1710 1541 Osculaque
1740 1495 1899 1532 admota

187 1574 339 1601 sumere
366 1572 489 1601 cara
519 1572 663 1606 mamb:
691 1561 738 1599 οἲ.
773 1559 917 1598 Tibulli
949 1564 993 1605 1,
1025 1564 1068 1604 4,
1103 1563 1153 1602 53
1192 1567 1271 1599 lum
1296 1561 1365 1599 tibi
1391 1562 1492 1599 milis
1516 1562 1609 1607 erit,
1650 1563 1790 1609 rapias
1821 1567 1898 1600 lum

187 1642 286 1670 cara
317 1630 445 1669 licebit
472 1629 636 1674 Oscula‚·
666 1627 789 1667 Ovidii
821 1640 907 1678 epp.
934 1640 980 1666 ex
1003 1627 1126 1666 Ponto
1154 1633 1190 1672 1,
1215 1632 1259 1680 4,
1293 1631 1345 1669 50
1382 1640 1558 1676 caraque
1579 1631 1735 1667 mutatis
1767 1632 1900 1667 oscula

184 1698 300 1746 ferre
316 1699 450 1746 qem's;
480 1696 621 1735 Culicis
644 1699 723 1738 292
758 1695 926 1744 Orplzeu,
960 1695 1100 1734 Oscula
1125 1707 1225 1734 cara
1250 1701 1388 1744 petens
1416 1698 1560 1744 rupisti
1587 1698 1693 1734 iussa
1725 1698 1896 1735 (leorunz.

190 1766 314 1812 Quam
344 1764 456 1804 facile
486 1776 585 1803 cara
621 1765 724 1802 inter
759 1774 912 1801 sumere
951 1768 989 1801 et
1019 1774 1139 1801 manu
1176 1764 1217 1802 in
1253 1768 1291 1801 et
1327 1775 1441 1802 arma
1473 1765 1673 1815 corrumpi
1710 1766 1895 1815 potuerit,

190 1834 310 1872 cuivis
340 1832 499 1885 patebit.

246 1950 283 1989 1,
306 1950 366 1989 13,
388 1949 448 1983 13:
480 1946 588 1982 Haec
608 1956 674 1993 eqo
695 1957 769 1981 non
790 1955 944 1981 rumore
965 1946 1075 1988 malo,
1098 1957 1173 1981 non
1194 1956 1340 1992 au9ure
1361 1947 1512 1982 doctus.-

579 2013 664 2049 Vidi
681 2024 768 2060 690:
794 2023 851 2049 me
873 2023 1010 2059 quaeso
1031 2017 1121 2048 teste
1142 2023 1283 2060 neyare
1300 2018 1433 2060 potes?

301 2101 493 2154 Hauptius
524 2103 564 2140 in
593 2102 796 2153 prooemio
835 2101 912 2139 ind.
946 2100 1050 2139 lectt.
1083 2101 1210 2140 Berol.
1245 2106 1338 2140 aest.
1375 2105 1481 2144 1856
1515 2114 1645 2140 vocem
1677 2105 1778 2141 malo
1809 2103 1904 2140 serri

191 2183 269 2210 non
307 2183 422 2222 posse
454 2170 750 2213 demonstravit;
794 2168 860 2207 sed
893 2168 995 2219 quod
1025 2169 1109 2219 ipse
1147 2170 1378 2220 excogitavit
1407 2170 1505 2207 lmec
1534 2181 1604 2217 eqo
1633 2181 1707 2208 uon
1747 2182 1904 2209 remeare

191 2241 254 2277 aio
281 2243 488 2289 propterea
521 2238 749 2281 reiciemus,
791 2236 893 2286 quod
925 2238 988 2274 aio
1025 2236 1131 2274 nullo
1172 2237 1230 2275 vel
1260 2237 1455 2287 Propertii
1487 2236 1544 2275 vel
1586 2238 1816 2288 cuiusquam
1853 2239 1902 2276 si-

191 2305 293 2345 milis
323 2310 461 2356 poetae
500 2303 678 2355 exemplo
710 2309 897 2360 quantum
929 2304 1008 2341 scio
1040 2303 1280 2348 defenditur;
1314 2304 1519 2344 Horatium
1552 2307 1654 2344 enim
1695 2307 1734 2344 in
1775 2307 1904 2344 satiris

194 2378 232 2412 et
263 2372 438 2424 epistulis
468 2372 560 2411 hinc
589 2371 869 2411 removendum
901 2383 987 2409 esse
1018 2376 1192 2422 apparet.
1234 2372 1369 2422 ltaque
1400 2371 1652 2411 scribendum
1684 2378 1761 2411 est:
1795 2374 1906 2412 Haec

192 2452 263 2489 eqo
293 2451 370 2478 non
404 2451 562 2478 rumore
590 2442 782 2488 loquor,
821 2449 897 2476 non
926 2450 1079 2486 auyure
1113 2440 1258 2477 doctus.
1317 2439 1469 2491 Syllaba
1500 2451 1568 2479 cor
1598 2452 1690 2478 voce
1721 2452 1796 2478 non.
1835 2440 1901 2478 ab·

194 2512 327 2559 sorpta
364 2506 587 2558 corruptela
618 2511 750 2546 secuta
789 2511 856 2545 est.
919 2506 973 2545 Cf.
1009 2506 1119 2545 Statii
1149 2506 1271 2545 Theb.
1308 2511 1378 2552 10,
1412 2511 1490 2550 205
1529 2519 1605 2546 uon
1637 2519 1762 2546 vanae
1791 2519 1905 2546 mon-

193 2583 276 2615 stra
313 2577 449 2623 quietis
488 2574 567 2612 Nec
596 2585 726 2612 somno
754 2580 953 2622 comperta
979 2576 1130 2622 loquor.

252 2692 267 2723 1
283 2718 291 2731 ,
314 2692 374 2729 14,
407 2691 446 2724 1:
492 2688 546 2724 Tu
567 2689 651 2723 licet
672 2688 838 2723 abiectus
863 2688 1039 2724 Tiberina
1061 2690 1221 2725 molliter
1241 2691 1345 2726 unda

574 2755 707 2790 Lesbia
726 2754 919 2791 Mentoreo
941 2757 1026 2792 vina
1047 2757 1150 2792 bibas
1171 2768 1296 2803 opere,

494 2824 544 2859 Et
564 2823 670 2858 modo
691 2826 766 2857 tam
787 2823 929 2858 celeres
950 2824 1101 2858 mireris
1121 2835 1281 2860 currere
1302 2826 1434 2860 lintres

577 2890 627 2925 Et
648 2891 753 2925 modo
776 2894 851 2924 tam
874 2891 1008 2926 tardas
1025 2889 1183 2936 funibus
1203 2893 1260 2928 ire
1281 2896 1397 2935 rates,

494 2958 543 2993 Et
564 2967 694 2992 nemus
715 2968 820 2993 omne
841 2962 946 2993 satas
965 2959 1134 2994 intendat
1155 2961 1291 2996 verlice
1312 2961 1437 3002 silvas,

587 3024 750 3071 Vryelur
771 3026 923 3071 quantis
945 3024 1138 3061 Caucasus
1159 3027 1370 3064 arboribus.

312 3111 400 3150 Iure
431 3125 501 3151 suo
532 3125 621 3151 cum
652 3112 924 3151 Laclnnannus
955 3112 1180 3152 offendisset
1217 3115 1257 3152 in
1289 3113 1446 3152 vocibus
1477 3123 1586 3150 omne
1614 3118 1739 3160 salas,
1772 3112 1907 3151 Hertz-

201 3177 359 3229 bergius
390 3191 523 3218 nemus
552 3191 662 3218 omne
693 3179 890 3231 explicans
912 3180 1053 3219 etotum
1075 3181 1177 3230 quod
1210 3181 1476 3231 circumspicis
1508 3183 1661 3218 neinus’
1685 3192 1728 3218 ea
1750 3180 1907 3224 addidit,

1592 3251 1635 3288 21
