2330 3606
315 813 426 884 Cum
457 843 576 882 redeo
598 844 639 881 in
670 843 901 881 memoriam
924 847 1148 893 temporum
1171 842 1490 893 praeteritorum,
1525 840 1750 878 candidiore
1783 844 1826 879 ut
1858 841 1909 879 ait

194 915 309 962 poeta
339 911 465 962 lapide
495 911 606 949 illum
637 911 740 949 diem
771 915 909 949 notare
940 911 1147 955 succurrit,
1181 921 1257 960 quo
1289 908 1472 948 antelios
1505 909 1677 958 quinque
1709 913 1747 947 et
1774 909 1910 958 viginti

194 991 318 1017 annos
349 979 388 1018 C.
422 979 463 1018 F.
496 978 724 1018 Heinrichio
757 983 794 1017 et
823 980 865 1017 A.
898 978 940 1017 F.
964 977 1110 1017 Naekio
1142 978 1258 1016 nimis
1288 981 1441 1016 matura
1471 981 1598 1014 morte
1630 975 1802 1026 abreptis
1822 976 1851 1014 F
1856 977 1907 1013 ri-

195 1046 351 1085 dericus
380 1046 618 1086 Ritschelius
648 1051 690 1085 ut
722 1047 920 1085 seminarii
949 1045 1176 1097 philologici
1207 1045 1425 1083 Bonnensis
1457 1056 1590 1083 curam
1623 1045 1842 1094 susciperet
1870 1045 1908 1081 in

195 1120 350 1154 coetum
379 1119 560 1153 nostrum
591 1115 793 1165 ingressus
825 1119 893 1153 est.
955 1114 1120 1153 Eramus
1156 1117 1251 1151 tunc
1290 1125 1367 1151 una
1407 1117 1493 1151 octo
1526 1111 1679 1150 sodales
1710 1111 1909 1155 ordinarii,

197 1195 216 1221 e
248 1183 389 1233 quibus
420 1196 522 1221 unus
562 1188 600 1221 et
630 1181 727 1221 alter
764 1183 839 1221 iam
874 1181 1027 1232 pridem
1057 1181 1185 1220 medio
1224 1181 1264 1219 in
1296 1193 1414 1219 cursu
1444 1181 1689 1231 interceptus
1721 1180 1910 1230 supersti-

197 1250 301 1289 tibus
331 1251 445 1290 nohis
480 1252 585 1302 piam
624 1252 683 1289 sui
721 1251 951 1288 memoriam
990 1249 1160 1299 reliquit.
1220 1249 1345 1298 Atque
1384 1248 1565 1298 equidem
1599 1247 1795 1286 curriculo
1826 1260 1911 1286 aca-

198 1318 347 1357 demico
377 1331 502 1370 paene
544 1319 724 1357 confecto
765 1331 853 1357 cum
891 1318 968 1356 iam
1007 1317 1053 1355 ad
1088 1321 1233 1355 metam
1263 1328 1542 1367 properarem,
1583 1320 1627 1354 ut
1657 1314 1819 1353 salutari
1848 1315 1913 1353 illa

197 1385 401 1425 Ritschelii
431 1385 635 1437 disciplina
667 1385 812 1424 diutius
843 1386 1011 1429 fruerer,
1045 1384 1184 1423 studiis
1204 1385 1302 1422 meis
1324 1383 1498 1422 colendis
1528 1384 1692 1434 insuper
1713 1396 1782 1421 sex
1804 1395 1911 1421 men-

197 1466 260 1492 ses
290 1453 438 1497 addidi;
473 1465 589 1503 quam
621 1453 670 1492 oh
700 1466 786 1492 rem
818 1466 906 1492 cum
936 1453 1078 1490 litteris
1108 1464 1180 1503 per
1212 1452 1462 1491 Germaniam
1494 1451 1683 1495 dimissis,
1726 1451 1792 1500 qui
1822 1450 1912 1488 olim

196 1523 396 1560 seminarii
435 1522 656 1560 Bonnensis
695 1519 908 1559 Ritschelio
959 1520 1086 1559 studia
1130 1526 1292 1570 regente
1332 1518 1486 1558 sodales
1525 1519 1713 1563 fuissent,
1760 1518 1914 1569 publice
1939 1567 1947 1571 -

198 1594 466 1634 evocarentur,
501 1595 543 1628 ut
573 1589 774 1627 doctrinae
807 1589 1006 1640 specimen
1028 1587 1184 1638 aliquod
1216 1588 1365 1632 darent,
1397 1588 1482 1638 ipse
1514 1598 1669 1636 quoque
1701 1598 1778 1635 quo
1800 1598 1912 1637 prae-

197 1658 348 1708 ceptori
379 1657 633 1696 dilectissimo
664 1669 738 1708 pro
771 1661 827 1694 tot
865 1658 904 1695 in
937 1669 998 1694 me
1037 1657 1189 1694 meritis
1227 1660 1265 1694 et
1303 1654 1494 1705 singulari
1524 1653 1797 1692 benevolentia
1828 1666 1914 1704 gra-

196 1725 289 1763 tiam
320 1725 513 1763 referrem
544 1726 670 1763 officio
703 1725 840 1762 deesse
872 1724 978 1762 nolui
1008 1728 1125 1773 atque
1156 1723 1255 1762 hanc
1277 1722 1504 1775 symbolam,
1538 1721 1819 1772 qualiscunque
1843 1726 1914 1765 est,

198 1805 270 1844 pro
300 1792 402 1831 virili
430 1796 543 1844 parte
575 1792 794 1836 contribuo,
828 1792 941 1843 plura
973 1793 1057 1830 sine
1088 1791 1206 1830 dubio
1229 1790 1417 1829 allaturus
1450 1794 1488 1828 et
1517 1789 1621 1829 haud
1653 1791 1732 1828 scio
1765 1802 1813 1827 an
1834 1802 1915 1827 me-

198 1860 307 1905 liora,
339 1861 417 1899 nisi
449 1864 603 1911 tempus
624 1872 766 1905 meum
797 1858 882 1898 aliis
912 1860 1081 1908 negotiis
1113 1858 1402 1898 distraheretur
1435 1862 1473 1896 et
1503 1857 1768 1896 distineretur.

311 1926 516 1966 Schedulis
546 1928 664 1977 igitur
695 1928 793 1966 meis
816 1928 991 1966 excussis
1022 1927 1212 1978 quaedam
1234 1926 1365 1965 inveni
1386 1925 1490 1963 haud
1511 1925 1671 1975 indigna
1691 1926 1783 1969 risa,
1818 1936 1916 1974 quae

198 1995 345 2047 publici
374 1996 472 2034 iuris
502 1995 655 2034 fierent.
715 1997 841 2045 Atque
874 2008 961 2033 cum
993 2007 1064 2046 per
1096 1995 1308 2033 decursum
1330 1993 1446 2032 huius
1478 1994 1570 2031 anni
1601 1992 1746 2042 aliquid
1775 2004 1916 2043 operae

201 2068 239 2101 et
269 2063 386 2102 studii
415 2064 455 2102 in
488 2064 659 2102 carmine
690 2062 757 2101 illo
789 2063 1021 2101 nitidissimo
1055 2067 1091 2101 et
1122 2063 1238 2113 longe
1269 2061 1552 2100 iucundissimo
1573 2062 1735 2099 Ausonii
1763 2064 1915 2111 poetae,

202 2132 307 2182 quod
345 2131 575 2170 inscribitur
613 2130 843 2176 Mosella,
887 2130 1198 2175 collocavissem‚
1240 2142 1346 2168 nunc
1385 2128 1541 2180 quidem
1583 2128 1630 2165 dc
1671 2129 1918 2177 ingressione

201 2201 283 2238 eius
313 2212 436 2251 pauca
467 2199 666 2250 disputare
696 2198 817 2237 lubet.
881 2200 981 2237 Sunt
1011 2203 1140 2237 autem
1172 2197 1289 2236 verba
1320 2196 1436 2235 haec:

530 2293 776 2327 Transieram
797 2292 956 2327 celerem
979 2292 1154 2328 nebuloso
1174 2292 1327 2337 flumine
1348 2290 1514 2333 Navccm,

525 2360 664 2396 Addita
685 2360 847 2395 miracus
868 2362 986 2395 veteri
1005 2371 1102 2396 nova
1123 2360 1271 2395 moenia
1302 2359 1437 2403 Vinco,

526 2428 711 2474 Aequavic
731 2427 862 2463 Latias
884 2428 947 2463 ubi
966 2429 1155 2474 quondam
1179 2427 1303 2462 Gallia
1325 2426 1496 2468 Cannas,

526 2495 760 2542 Infletaeque
781 2497 908 2531 iacent
928 2497 1058 2542 inopes
1078 2505 1195 2542 super
1217 2507 1312 2531 arva
1333 2498 1521 2530 catervae.

526 2563 621 2599 Inde
642 2565 714 2600 iter
734 2564 948 2610 inqrediens
970 2569 1004 2599 et
1027 2576 1060 2611 q.
1083 2576 1111 2600 s.

205 2664 281 2702 quo
311 2653 351 2690 in
381 2651 466 2689 loco
498 2653 634 2701 quaeri
664 2651 793 2695 video,
834 2652 1024 2690 feceritne
1054 2651 1221 2702 pedihus
1252 2651 1326 2689 iter
1356 2648 1472 2693 illud,
1515 2661 1562 2686 an
1595 2648 1699 2698 quod
1730 2648 1916 2700 probabi-

203 2720 278 2759 lius
308 2719 484 2758 videatur
514 2718 692 2757 vehiculo
725 2718 892 2768 quodam
924 2732 1030 2757 usus.
1094 2720 1278 2757 Statuunt
1308 2716 1422 2767 vulgo
1454 2716 1525 2753 viri
1557 2715 1681 2759 docti,
1725 2704 1847 2766 atque*
1880 2716 1918 2752 in

203 2789 251 2827 iis
292 2787 498 2827 Eduardus
536 2785 797 2836 Boeckingius
836 2791 873 2824 et
910 2787 950 2824 in
989 2786 1158 2824 editione
1205 2785 1389 2824 carminis
1428 2795 1526 2833 quae
1563 2783 1709 2833 prodiit
1746 2781 1918 2821 Berolini

206 2868 237 2894 a.
262 2858 370 2899 1828
403 2859 440 2893 et
468 2855 509 2892 in
540 2853 745 2892 annalibus
766 2852 999 2903 Rhenanis¹)
1033 2854 1099 2892 VII
1129 2866 1167 2904 p.
1192 2856 1256 2898 69,
1279 2852 1508 2894 Ausonium,
1542 2851 1609 2899 qui
1639 2851 1916 2900 imperatorem

206 2923 522 2962 Valentinianum
551 2922 591 2959 in
623 2921 869 2972 expeditione
908 2925 1043 2959 contra
1073 2920 1306 2960 Alamannos
1344 2920 1444 2957 facta
1477 2919 1521 2970 (a.
1557 2919 1636 2959 368
1668 2929 1704 2967 p.
1740 2916 1830 2954 Chr.
1863 2916 1915 2965 ιι.)

208 2992 413 3030 comitatus
444 2991 505 3035 sit,
535 2988 627 3027 inde
658 2988 845 3027 reducem
877 2989 1088 3032 evectione,
1124 2999 1222 3038 quae
1253 2987 1415 3030 dicitur,
1449 2986 1528 3022 sive
1560 2983 1770 3034 diplomate
1802 2996 1916 3021 ‹jn-na-

299 3146 323 3188 ¹)
349 3148 408 3179 Sic
432 3147 533 3179 lubet
559 3146 768 3188 significare
789 3144 940 3177 annales
967 3144 1027 3186 qui
1043 3144 1191 3175 Bonnae
1212 3144 1308 3186 apud
1326 3143 1367 3174 A.
1386 3142 1547 3173 Marcum
1571 3140 1766 3183 prodeunt:
1793 3139 1915 3170 ‘Jalnu-

209 3192 345 3224 biicher
370 3193 432 3224 des
455 3193 609 3224 Vereins
634 3202 705 3224 von
729 3189 1132 3223 Alterthumsfreunden
1156 3190 1205 3220 im
1229 3187 1487 3220 Rheinlan‹le.⁷

1598 3246 1649 3285 29
