2330 3606
400 146 481 187 439
771 149 809 183 ll.
843 147 1014 183 lLBERG:
1049 145 1366 181 CICERONIANVM
1398 145 1484 180 NON
1514 144 1746 180 ENNIANVM.

401 260 708 312 repetundarum
740 258 802 297 illa
834 259 1055 309 pertinere,
1095 257 1183 295 ilico
1216 261 1294 294 tam
1327 257 1581 306 perspicuum
1612 255 1679 293 fiet
1710 258 1768 294 ‘ut
1799 261 1935 294 contra
1967 256 1999 293 si
2031 255 2118 304 quis

401 330 553 372 sentiat,
586 327 639 367 nil
670 327 839 365 sentiat'.

512 396 750 447 Repperisse
783 394 886 432 enim
918 392 1013 432 mihi
1042 393 1189 436 videor,
1229 403 1328 442 quae
1360 404 1443 430 rem
1477 392 1569 430 satis
1602 390 1822 442 expediant,
1855 391 1957 444 apud
1988 392 2116 442 ipsum

401 465 630 502 Ciceronem
663 463 824 502 aetionis
856 462 889 500 II
920 462 959 499 in
993 462 1155 499 Verrem
1186 459 1287 498 libro
1320 460 1348 497 V
1381 472 1464 510 cap.
1500 464 1550 501 11
1584 458 1614 509 ξ
1647 462 1718 502 28:

603 534 732 579 itaque
761 534 878 568 eraut
904 531 1032 568 exitus
1064 528 1233 580 (illarum
1258 525 1590 576 comissationum)
1615 529 1697 565 eius
1717 528 1832 571 modi,
1864 531 1906 566 ut
1924 528 2026 566 alius
2054 528 2120 564 iu—

603 605 661 638 ter
697 610 837 637 manus
871 610 891 636 e
928 599 1101 636 convivio
1138 601 1326 645 tauquam
1361 607 1382 634 e
1416 597 1568 644 proelio
1598 595 1849 644 (auferretur,
1887 597 1989 634 alius
2026 599 2120 632 tcm—

602 678 719 715 quctm
749 668 898 706 occisus
931 667 1233 715 relinqueretur,
1266 666 1448 714 plerique
1482 668 1525 702 ut
1557 663 1645 711 fusi
1677 665 1760 703 sine
1797 667 1922 703 mente
1955 675 2004 702 ac
2038 664 2121 702 stne

601 738 681 774 ullo
710 747 825 774 sensu
854 737 1040 773 iacerent.

402 805 432 842 E
466 802 609 853 quibus
641 815 739 853 quae
772 803 908 842 ultima
940 803 1074 854 posui⁷
1114 803 1146 840 si
1183 801 1437 840 librariorum
1474 800 1640 851 ineptias
1680 798 1868 849 quasdam
1899 799 2119 844 sustuleris,

403 884 502 921 quae
532 884 605 922 per
637 884 736 921 quos
767 870 912 922 gradus
943 870 1231 921 depravationis
1262 870 1302 908 in
1334 869 1449 907 Nonii
1479 867 1601 906 libros
1633 867 1807 918 inlapsae
1838 869 1927 912 sint,
1961 881 2039 907 non
2070 869 2120 907 ita

401 939 557 978 ‹listicile
591 945 649 978 est
679 939 726 977 ad
757 938 1080 989 intellegendum,
1114 951 1132 976 a
1165 937 1294 976 verbis
1329 937 1436 984 fusis
1472 939 1556 975 siue
1592 940 1717 975 mente
1747 947 1796 975 ue
1824 937 1909 974 siue
1939 938 2017 974 ullo
2055 937 2126 974 sed

400 1009 648 1046 subjacerent
678 1007 773 1046 nihil
805 1020 897 1045 sane
930 1006 1086 1045 distant.
1144 1006 1273 1051 Quare
1305 1006 1337 1043 si
1369 1006 1456 1055 quis
1488 1005 1786 1044 Ciceronianum
1818 1003 1914 1043 illud
1946 1005 2120 1043 testimo-

401 1077 509 1115 nium
543 1088 560 1114 a
593 1076 847 1126 grammatico
879 1075 1012 1114 afferri
1042 1085 1188 1124 negare
1221 1074 1393 1112 animum
1425 1073 1642 1116 induxerit,
1684 1084 1822 1110 vereor
1853 1085 1902 1111 ne
1933 1085 2011 1111 non
2042 1084 2121 1111 ma-

400 1145 459 1194 gis
489 1144 707 1195 prudenter
739 1148 826 1193 agat
857 1154 971 1193 quam
1005 1143 1037 1181 si
1067 1141 1164 1180 haee
1195 1141 1313 1180 verba
1353 1142 1474 1179 cuivis
1513 1153 1771 1179 numerorum
1810 1140 1947 1191 generi
1987 1152 2122 1191 parum

402 1213 671 1250 convenientia
706 1224 725 1250 e
757 1212 891 1250 nescio
924 1212 1034 1249 cuius
1065 1214 1205 1261 poetae
1237 1210 1452 1248 imitatione
1484 1214 1573 1248 nata
1605 1221 1693 1247 esse
1729 1207 1835 1247 nulla
1865 1209 1941 1247 iam
1973 1208 2123 1247 ratione

403 1282 576 1331 argutari
606 1281 738 1331 potius
771 1279 860 1318 velit
892 1291 1008 1330 quam
1040 1279 1320 1329 argumentari.

514 1348 649 1398 Neque
680 1353 823 1392 tamen,
857 1351 900 1385 ut
931 1347 1070 1397 aliquis
1102 1347 1337 1398 suspicetur,
1372 1357 1471 1396 qnae
1493 1345 1643 1385 Nonius
1674 1344 1793 1384 habet
1813 1349 1850 1384 et
1871 1344 1965 1383 Aen.
1988 1344 2051 1382 tili.
2079 1344 2126 1382 II

401 1416 481 1455 11110
515 1416 632 1455 modo
664 1415 904 1455 sollicitanda
943 1419 1045 1454 sunt.
1110 1414 1210 1461 Quid
1249 1415 1377 1453 enim?
1421 1413 1613 1452 excidisse
1650 1418 1738 1464 post
1776 1425 1820 1452 ea
1859 1412 2122 1463 Vergilianum

401 1484 559 1534 aliquod
598 1485 867 1524 testimouium
915 1484 1001 1533 quis
1047 1482 1121 1521 sibi
1160 1482 1390 1534 persuaderi
1436 1494 1514 1520 11011
1553 1482 1746 1532 patiatur?
1808 1480 1919 1526 Quod
1960 1485 2002 1518 ut
2038 1481 2123 1518 iure

400 1552 647 1603 postliminii,
689 1554 745 1591 uti
777 1553 903 1596 aiunt,
944 1563 1055 1590 suam
1100 1552 1139 1589 in
1179 1551 1313 1589 sedem
1352 1550 1609 1593 reducamus,
1651 1550 1900 1587 sexcentiens
1932 1547 2125 1598 Vergilius

400 1622 439 1658 in
472 1620 555 1658 aliis
589 1621 746 1670 quidem
778 1621 956 1671 seriptiS,
997 1618 1213 1658 undeciens
1251 1620 1291 1656 in
1323 1617 1445 1656 altero
1476 1617 1658 1656 Aeneidis
1689 1616 1791 1655 libro
1825 1616 1894 1665 (vv.
1929 1620 1993 1658 64.
2029 1619 2122 1658 221.

401 1692 494 1731 252.
530 1692 621 1731 271.
657 1692 748 1731 329.
784 1692 876 1732 383.
911 1691 1004 1730 421.
1039 1690 1130 1729 532-
1167 1690 1259 1728 651.
1296 1689 1388 1729 683.
1425 1684 1525 1734 736)
1563 1684 1623 1722 vel
1655 1684 1843 1722 fundendi
1874 1683 1934 1722 vel
1966 1696 2123 1734 compo-

401 1758 568 1794 sitorum
600 1757 738 1795 formis
771 1770 864 1795 usus
897 1760 974 1794 est:
1008 1754 1155 1793 nullam
1186 1758 1317 1792 tamen
1339 1753 1501 1792 secundi
1531 1752 1622 1791 libri
1652 1752 1883 1803 particulam
1914 1752 2030 1791 huius
2051 1751 2125 1790 1001

403 1837 488 1863 esse
527 1825 613 1862 diro
652 1826 726 1863 nisi
766 1825 833 1874 qui
865 1837 911 1862 ex
943 1824 1049 1862 omni
1087 1828 1199 1874 parte
1232 1823 1469 1861 conveniunt
1500 1821 1781 1872 aptissimeque
1819 1820 1958 1859 sedent
1988 1832 2125 1858 versus

404 1896 484 1935 252
518 1897 556 1930 et
586 1896 686 1935 253:

1208 1948 1292 1996 fusi
1307 1959 1381 1995 per
1401 1950 1546 1984 moenia
1572 1949 1710 1984 Teucri

785 2018 1024 2055 Conticuere:
1046 2029 1161 2064 sopor
1179 2017 1304 2064 fessos
1324 2018 1586 2063 complectitur
1608 2021 1728 2053 artus.

404 2096 473 2134 Cui
505 2098 731 2135 testimonio
764 2109 878 2140 num,
921 2107 995 2144 qua
1038 2100 1097 2134 est
1135 2096 1173 2133 11]
1205 2093 1280 2133 1100
1311 2106 1457 2144 genere
1491 2092 1745 2137 liberalitate,
1786 2105 1924 2131 novam
1957 2092 2123 2142 aliquam

403 2165 591 2202 fnndemli
625 2164 730 2202 verbi
766 2164 1066 2215 exl‘ilicationem
1099 2163 1248 2202 Nonius
1286 2162 1517 2206 subiecerit,
1560 2167 1600 2199 ut
1637 2174 1715 2199 non
1747 2166 1915 2205 constat,
1956 2162 2008 2199 ita
2048 2173 2124 2199 non

402 2231 606 2282 probabile
640 2237 697 2269 051
729 2244 816 2270 cum
849 2231 1084 2269 subiecisse:
1125 2230 1198 2269 1101·
1231 2235 1402 2271 constat,
1443 2235 1576 2268 secuta
1616 2229 1756 2267 fuisse:
1799 2229 1854 2266 M.
1891 2228 2041 2267 Tullius
2078 2229 2127 2266 de

401 2302 624 2348 suppliciis:
659 2300 770 2346 susi
807 2299 886 2350 (vel
920 2304 971 2338 ut
995 2297 1126 2347 fusi)
1168 2312 1199 2337 e.
1235 2310 1270 2348 q.
1305 2312 1334 2337 s.
1371 2298 1451 2349 (vel
1485 2299 1533 2336 de
1562 2298 1764 2345 suppliciis
1795 2298 1834 2334 in
1877 2297 2036 2334 Verrem
2067 2295 2125 2334 vel

403 2370 428 2406 i.
467 2369 510 2406 V.
541 2369 579 2405 (l.
608 2380 638 2408 S.
672 2367 730 2405 vel
762 2368 799 2405 (l.
832 2379 862 2405 s.
896 2368 962 2406 lib.
994 2367 1077 2404 VH
1104 2365 1164 2404 vel
1195 2378 1294 2416 quae
1326 2371 1418 2404 sunt
1449 2365 1545 2404 aliae
1577 2364 1694 2403 huius
1726 2364 1912 2403 orationis
1944 2377 2021 2402 1101]
2053 2364 2123 2402 1111-

403 2449 477 2474 nus
508 2436 798 2474 duodetriciens
835 2436 875 2473 in
914 2439 1047 2486 partes
1087 2438 1246 2472 vocatae
1287 2431 1534 2481 notationes).
1598 2434 1644 2471 Vt
1677 2437 1781 2471 totus
1812 2432 1920 2470 100115
1950 2433 1990 2470 in
2022 2431 2126 2470 1111110

403 2504 563 2543 modum
595 2503 922 2553 redintegrandus
955 2515 1040 2541 esse
1072 2502 1268 2540 videatur:

605 2571 812 2618 Fundere,
839 2576 1110 2620 prosternere,
1142 2571 1288 2608 iacere.
1352 2569 1459 2616 Virgs.
1490 2568 1585 2607 Aeu.
1620 2568 1686 2606 lib.
1717 2568 1763 2605 I:
1803 2579 1906 2606 cum
1944 2571 2126 2616 septem

607 2641 830 2687 iuqeutia
869 2640 1028 2677 victor
1062 2638 1285 2685 Corpora
1325 2636 1515 2683 fundat
1556 2637 1702 2674 humo.
1756 2641 1793 2674 et
1829 2635 1925 2674 Aen.
1959 2636 2024 2674 lib.
2060 2635 2125 2672 II:

604 2708 729 2754 [susi
762 2718 851 2755 per
880 2707 1071 2744 moenia
1107 2705 1286 2743 Teucri
1316 2706 1624 2743 Conticuere.
1678 2703 1735 2742 M.
1773 2703 1923 2742 Tullius
1953 2704 2003 2741 cte
2028 2714 2125 2751 sup-

603 2777 776 2823 pliciis-J
807 2775 918 2822 susi
952 2775 1057 2812 siue
1086 2779 1242 2811 mente
1279 2784 1336 2811 cce
1377 2775 1480 2811 siue
1518 2774 1617 2811 ullo
1655 2784 1796 2810 seusu
1827 2773 2070 2810 iacerent.

406 2845 514 2889 Quae
554 2842 885 2892 quemadmodum
925 2841 1155 2880 oscitatione
1194 2840 1448 2879 librariorum
1487 2853 1507 2879 a
1545 2841 1678 2891 priore
1713 2840 1802 2887 fusi
1838 2838 2044 2890 participio
2079 2836 2125 2876 ad

406 2911 571 2950 alterum
605 2911 873 2949 decri-antium
906 2909 1060 2948 turbata
1092 2922 1136 2947 ac
1167 2909 1329 2947 confusa
1361 2909 1457 2953 sint,
1492 2919 1561 2946 sua
1592 2912 1732 2958 sponte
1764 2907 1889 2956 quivis
1920 2904 2032 2943 facile
2064 2917 2123 2943 as-

406 2981 598 3029 sequitur.
668 2978 767 3024 011111
809 2979 937 3016 enini?
987 2976 1151 3015 eandem
1196 2976 1324 3015 labem
1370 2988 1502 3015 nonne
1548 2980 1586 3013 et
1631 2974 1716 3013 aliis
1757 2972 1991 3024 quibusdam
2030 2972 2125 3011 loeis

408 3047 582 3086 eiusdem
615 3047 729 3085 Nonii
762 3045 998 3096 exemplaria
1029 3056 1100 3095 per
1132 3044 1381 3083 saeculorum
1410 3044 1619 3081 decursum
1654 3045 1857 3081 traxerunt
1880 3044 1918 3078 et
1944 3041 2126 3091 inprimis

407 3115 568 3153 notabili
600 3128 644 3153 ae
676 3113 929 3165 comparabili
961 3111 1140 3162 exemplo
1171 3124 1208 3162 p.
1244 3115 1325 3154 296
1357 3126 1385 3150 5.
1420 3112 1637 3159 expedire?
1689 3109 1760 3148 Vbi
1790 3121 1879 3147 cum
1910 3106 2006 3146 haec
2027 3108 2122 3146 sint:

414 3183 614 3221 Terentius
645 3183 827 3230 Jlecyru:
866 3185 1006 3228 teque
1037 3180 1123 3217 ltoc
1151 3165 1362 3218 crimine
1395 3179 1637 3227 expedire
1668 3179 1767 3215 vult
1796 3177 1994 3222 induat,
2025 3186 2120 3224 quo-
