2330 3606
335 804 483 877 Siliani
515 837 696 876 carminis
728 835 947 875 emendatio
978 834 1067 874 inde
1090 834 1207 874 habet
1237 835 1473 876 difficultatis
1505 837 1720 889 plurimum
1752 845 1790 878 et
1820 839 1931 879 dubi-

225 905 399 948 tationis,
432 905 536 956 quod
567 904 657 943 libri
688 905 836 953 antiqui
867 904 1008 953 quibus
1038 906 1226 943 memoria
1255 904 1358 943 illius
1389 905 1435 944 ad
1466 908 1754 946 renascentium
1784 907 1930 947 littera-

223 984 311 1010 rum
342 977 498 1022 tempus
528 976 741 1023 propagata
780 976 838 1010 est
875 970 990 1009 hodie
1029 973 1243 1022 perierunt.
1306 972 1382 1012 duo
1420 979 1550 1013 autem
1589 975 1742 1014 codices
1781 975 1932 1014 decimo

223 1039 306 1077 fere
337 1040 492 1078 saeculo
523 1041 659 1091 scripti
696 1040 831 1089 quinto
863 1039 1014 1077 decimo
1046 1040 1359 1090 superfuerunt.
1421 1053 1465 1079 ao
1495 1041 1543 1079 de
1575 1042 1817 1092 Sangallensi
1848 1044 1932 1092 qui-

223 1106 312 1144 dem
344 1108 506 1156 eiusque
538 1106 790 1157 apographis,
824 1118 922 1156 quae
952 1106 1056 1144 haud
1086 1119 1209 1157 pauca
1248 1112 1360 1151 sunt,
1399 1120 1469 1158 per
1500 1109 1650 1147 Italicas
1687 1111 1932 1160 potissimum

223 1172 489 1225 bybliothecas
519 1174 708 1225 dispersa,
742 1174 820 1212 dixi
850 1175 888 1212 in
920 1174 1213 1225 quaestionibus
1236 1174 1389 1213 Silianis
1410 1177 1555 1214 criticis
1576 1176 1681 1215 llalis
1702 1190 1803 1215 anno
1827 1181 1932 1221 1858

224 1240 359 1279 editis:
394 1240 668 1280 Coloniensem
700 1241 875 1279 codicelli
907 1242 1018 1279 6111115
1057 1241 1207 1280 11111111111
1245 1247 1435 1292 quantum
1476 1255 1547 1293 ego
1586 1245 1666 1282 scio
1706 1250 1808 1283 extat
1839 1257 1930 1296 apo-

222 1307 414 1359 graphum
446 1308 522 1347 duo
553 1308 732 1347 homines
763 1309 867 1347 docti
898 1314 1179 1353 tractaverunt,
1213 1309 1432 1348 Ludovious
1463 1310 1616 1355 Carrio,
1658 1313 1723 1361 qui
1753 1313 1792 1350 in
1823 1312 1932 1350 libris

223 1375 539 1414 emendationum
571 1381 609 1414 et
639 1376 956 1414 observationum
986 1378 1218 1427 Antverpiae
1257 1390 1357 1415 anno
1392 1381 1498 1420 1576
1537 1378 1648 1417 editis
1687 1385 1723 1417 et
1759 1381 1799 1417 in
1831 1380 1931 1418 Gru-

222 1444 296 1481 teri
325 1442 503 1494 lampade.
537 1443 645 1495 (tomi
675 1443 727 1481 ΙΙΙ
757 1456 794 1494 p.
821 1447 844 1485 2
874 1456 911 1495 p.
937 1446 988 1485 90
1012 1443 1111 1493 sqq.)
1144 1445 1322 1495 repetitis
1354 1444 1499 1495 aliquot
1521 1445 1590 1483 Sili
1622 1458 1757 1485 versus
1789 1460 1834 1485 ex
1866 1447 1931 1486 illo

221 1510 354 1548 codiee
387 1510 677 1549 emendatiores
708 1511 832 1556 dedit,
866 1516 904 1549 et
934 1510 1168 1549 Franciscus
1199 1512 1372 1556 Modius,
1415 1514 1480 1563 11111
1511 1514 1549 1551 111
1589 1513 1823 1553 lectionibus
1861 1528 1929 1553 no—

219 1578 432 1629 vantiquis‚
474 1589 569 1627 quas
600 1579 849 1617 Franeofurti
887 1591 987 1616 anno
1022 1581 1128 1620 1584
1168 1579 1313 1629 publici
1344 1581 1440 1618 iuris
1471 1582 1562 1619 fecit
1594 1588 1630 1619 61
1661 1582 1854 1621 Gruterus
1892 1585 1930 1621 in

221 1645 394 1683 eiusdem
425 1645 514 1684 libri
546 1651 649 1684 tomo
681 1647 817 1697 quinto
850 1659 885 1697 p.
923 1651 942 1687 1
977 1657 1061 1695 sqq.
1094 1648 1268 1697 repetiit,
1308 1647 1397 1685 libri
1428 1650 1690 1699 Agrippinatis
1728 1655 1928 1700 praestan-

219 1713 271 1750 tia
303 1712 456 1751 adiutus
486 1713 703 1763 permultos
736 1713 804 1751 Sili
836 1726 971 1752 versus
1003 1715 1184 1752 restituit.
1232 1716 1437 1765 scripturis
1468 1729 1563 1767 quas
1594 1716 1633 1754 111
1666 1718 1734 1755 viri
1767 1731 1786 1755 6
1820 1718 1929 1756 Colo-

220 1780 347 1818 niensi
378 1780 630 1831 protulerunt
661 1786 848 1831 quantum
881 1783 930 1820 sit
960 1781 1049 1819 fidei
1080 1781 1305 1820 habendum
1338 1787 1379 1820 ut
1409 1789 1516 1821 recte
1548 1784 1817 1834 intellegatur,
1852 1799 1929 1824 non

218 1852 349 1898 potest
379 1860 457 1886 non
489 1860 575 1886 esse
607 1850 965 1899 exoptatissimum,
999 1849 1100 1899 quod
1134 1849 1252 1887 iidem
1284 1851 1489 1888 Censorini
1528 1852 1661 1889 codice
1695 1852 1927 1897 Coloniensi,

220 1916 285 1965 qui
315 1914 429 1953 hodie
462 1921 520 1954 est
549 1916 874 1954 Darlnstadiensis
905 1929 940 1954 n.
978 1919 1077 1960 166,
1112 1917 1172 1954 1151
1203 1921 1303 1955 sunt.
1365 1922 1480 1968 atque
1512 1931 1531 1956 a
1562 1919 1770 1958 Francisco
1802 1921 1929 1959 Modio

220 1982 375 2032 quidem
408 1982 498 2021 Otto
529 1983 686 2022 Iahnius
719 1983 851 2034 (praef.
884 1996 920 2034 p.
944 1983 1039 2034 XVI)
1074 1984 1277 2022 Censorini
1308 1984 1450 2023 librum
1483 1985 1689 2035 diligenter
1722 2001 1928 2027 excussum

221 2062 306 2088 esse
338 2050 488 2094 docuit,
522 2052 652 2089 minus
683 2057 863 2089 accurate
895 2064 915 2089 a
947 2050 1142 2089 Ludovico
1175 2052 1381 2090 Carrione:
1416 2065 1543 2103 neque
1570 2054 1810 2104 neglegenda
1844 2070 1928 2095 esse

218 2122 313 2168 puto
344 2119 383 2155 in
414 2117 486 2155 hac
516 2130 559 2156 re
590 2118 799 2156 iudicanda
827 2131 925 2169 quae
957 2118 1003 2156 de
1036 2118 1212 2157 moribus
1245 2125 1282 2157 et
1314 2120 1535 2158 eruditione
1558 2123 1754 2161 Carrionis
1786 2136 1926 2174 3611113-

218 2184 274 2223 les
310 2185 432 2235 ipsius
478 2190 737 2224 narraverunt
783 2186 851 2236 (cf.
891 2186 1106 2224 Burmanni
1142 2187 1264 2237 praef.
1306 2187 1351 2225 ad
1392 2188 1470 2226 Val.
1511 2188 1693 2227 Flaccum
1731 2203 1767 2241 p.
1802 2194 1853 2233 26
1893 2198 1929 2229 et

222 2252 395 2290 eiusdem
425 2252 641 2291 Burmanni
671 2253 753 2305 5111.
779 2254 889 2304 epist.
917 2253 932 2292 1
962 2266 999 2304 p.
1025 2258 1088 2297 14,
1123 2258 1186 2297 15,
1221 2258 1312 2298 108,
1348 2259 1438 2298 111,
1474 2259 1564 2299 152,
1600 2261 1678 2299 179
1712 2263 1748 2295 et
1778 2259 1816 2296 in
1847 2261 1927 2310 pri-

218 2320 291 2358 mis
320 2332 357 2370 p.
383 2322 482 2364 238,
516 2331 594 2370 quo
624 2320 710 2359 loco
740 2320 929 2371 Iosephus
951 2321 1123 2371 Scaliger
1152 2327 1358 2373 postquam
1390 2323 1519 2373 Lipsio
1551 2326 1740 2369 narravit,
1774 2326 1926 2365 Carrio-

218 2401 309 2427 nem
347 2389 644 2440 quaternionem
684 2388 783 2427 Gelli
821 2401 909 2426 oum
947 2389 1115 2438 antiquis
1158 2389 1269 2427 libris
1310 2389 1451 2428 conlati
1491 2392 1644 2430 Cuiacio
1691 2393 1795 2431 furto
1835 2394 1925 2432 sub-

219 2456 398 2500 duxisse,
439 2459 686 2494 ‘caeterum’
725 2457 853 2505 inquit
889 2455 1080 2494 ‘eruditio
1117 2458 1350 2507 perexigua,
1394 2458 1516 2496 fastus
1554 2460 1710 2509 ingens,
1752 2460 1851 2500 livor
1889 2467 1927 2500 et

219 2523 450 2561 obtrectatio
483 2535 602 2574 supra
633 2523 792 2561 modum
805 2522 843 2573 ⁹).
887 2528 1046 2574 praeter
1077 2524 1304 2563 Carrionem
1337 2530 1374 2563 et
1404 2525 1574 2564 Modium
1604 2527 1784 2567 Nic-olaus
1806 2529 1923 2567 Hein-

218 2591 299 2628 sius
335 2589 550 2640 permultas
590 2590 804 2640 scripturas
842 2602 862 2628 e
901 2590 1123 2630 Coloniensi
1159 2592 1335 2642 protulit.
1393 2593 1477 2644 ipse-
1515 2593 1660 2633 librum
1704 2608 1781 2634 non
1821 2597 1923 2635 vidit.

219 2657 266 2696 ad
295 2657 312 2695 I
344 2661 365 2698 1
400 2657 502 2695 6111111
531 2657 696 2706 ‘quam'
727 2658 854 2708 inquit
884 2659 1038 2709 ‘operis
1067 2658 1184 2697 huius
1213 2660 1508 2711 inscriptionem
1539 2662 1791 2702 membranae
1813 2664 1924 2702 Colo-

218 2726 376 2763 nienses
406 2736 501 2774 prae
532 2736 574 2761 se
605 2723 768 2762 tulerint
796 2724 899 2763 haud
931 2727 1033 2763 scio’
1067 2731 1106 2764 et
1135 2726 1181 2765 ad
1213 2727 1331 2770 1177
1364 2728 1530 2767 ‘Modius
1561 2729 1607 2767 ad
1638 2729 1715 2768 Liv.
1748 2729 1814 2768 lib.
1838 2731 1926 2769 XXI

217 2792 396 2842 reposuit
434 2803 454 2829 e
486 2790 710 2830 Coloniensi
737 2791 917 2839 fervida,
955 2794 1015 2845 τῷ
1043 2796 1172 2832 nervis
1200 2794 1358 2839 relicto,
1398 2800 1441 2833 ut
1479 2797 1519 2834 in
1548 2798 1771 2847 Agrippinis
1800 2810 1922 2836 men]-

218 2858 350 2898 branis
381 2870 539 2910 quoque
569 2859 624 2896 sic
656 2858 878 2897 videatur
916 2860 1066 2898 fuisse'.
1128 2861 1312 2900 utebatur
1341 2863 1473 2913 potius
1511 2868 1669 2913 praeter
1698 2863 1816 2902 Modii
1852 2877 1921 2903 no-

219 2927 419 2976 vantiquas
449 2925 637 2964 lectiones
655 2924 692 2974 ³¹²)
727 2925 940 2977 exemplari
970 2925 1099 2976 aliquo
1130 2940 1151 2966 a
1173 2928 1358 2968 Carrione
1386 2942 1475 2968 cum
1497 2930 1717 2969 Coloniensi
1748 2931 1921 2975 conlat0;

308 3091 340 3135 *)
365 3094 553 3136 probabile
573 3093 716 3135 quidem
735 3097 790 3125 est
815 3104 836 3125 a
853 3094 971 3126 Modio
989 3104 1128 3136 quoque
1147 3095 1398 3134 Coloniensem
1415 3100 1529 3128 totum
1556 3108 1742 3130 excussum
1761 3110 1852 3140 esse;
1879 3112 1922 3133 ea

218 3141 341 3170 tamen
367 3143 538 3181 excerpta
554 3139 708 3171 Heinsio
731 3149 802 3170 non
820 3143 966 3180 praesto
985 3140 1099 3172 fuisse
1122 3141 1206 3173 inde
1232 3144 1372 3174 conicio
1391 3143 1483 3183 quod
1499 3143 1613 3184 ipsius
1632 3144 1675 3175 de
1694 3143 1923 3178 Coloniensis

219 3183 406 3225 scripturis
430 3185 641 3216 testImonia
672 3195 693 3216 a
716 3183 900 3217 Modianis
932 3185 1075 3226 saepius
1101 3186 1322 3228 discrepant.
1371 3188 1418 3220 cf.
1453 3192 1591 3229 quaest.
1618 3188 1681 3220 Sil.
1708 3190 1786 3222 erit.
1818 3202 1853 3232 p.
1881 3193 1921 3223 16
