2330 3606
480 138 519 174 H.
548 139 587 173 A.
616 136 751 172 KOCH:
782 135 1077 172 CONIECTANEA
1108 135 1152 171 IN
1182 135 1350 171 POETAS
1380 135 1575 172 LATINUS.
1803 130 1886 171 319

234 252 288 290 64,
310 252 349 285 8:
380 249 476 285 Nam
498 254 581 298 tum·
596 249 766 285 Helenae
787 253 902 294 raptu
918 250 1110 294 primores
1130 248 1355 294 Argivorum

475 317 657 362 Coeperat
678 318 729 352 ad
746 326 828 352 sese
852 317 964 351 Troia
985 318 1084 351 ciere
1105 317 1223 355 viros,

388 384 500 419 Troia
523 383 665 430 (nefas)
688 395 881 419 commune
902 385 1118 430 sepulcrum
1140 384 1252 417 Asiae
1272 383 1541 428 Europaeque,

476 451 588 487 Troia
608 452 728 487 virum
749 456 784 486 et
805 453 982 487 virtulum
1004 452 1166 486 omnium
1188 451 1325 486 acerba
1346 451 1451 491 cinis,

384 518 488 562 Quae
508 523 603 554 vetet
621 519 661 554 id
680 522 808 554 nostro
830 519 942 553 letum
965 518 1175 553 miserabile
1193 517 1318 564 fratri

471 587 614 622 Attulit.
657 586 720 621 lzez'
738 587 875 621 misero
893 585 1023 632 frater
1045 587 1217 631 adempte
1239 585 1338 621 milei.

288 663 408 701 Recte
439 663 632 713 Hauptius
663 666 882 700 commenta
914 663 1162 713 superiorum
1195 661 1388 700 editorum
1428 662 1474 700 ad
1504 662 1622 701 verba
1661 674 1760 710 qeccte
1794 667 1889 700 vetet

177 731 220 768 id
249 729 499 768 emaculanda
530 729 679 780 prolata
709 730 846 767 reiecit
878 731 1005 768 omnia
1041 729 1229 780 (ohservv.
1265 731 1348 767 crit.
1382 742 1418 781 p.
1445 728 1524 779 12).
1577 730 1653 768 Sed
1685 743 1733 768 ne
1765 732 1887 781 ipsius

177 798 334 849 quidem
366 799 589 836 coniectura
631 808 755 845 quare
783 799 898 835 etium
924 803 1053 835 nostro
1082 796 1242 848 probari
1272 801 1420 847 potest,
1453 797 1555 847 quod
1586 802 1701 848 poeta
1723 810 1801 835 non
1831 797 1886 835 di-

177 867 228 904 cit
264 866 434 909 Troiam,
468 864 571 914 quod
594 865 691 903 cinis
726 866 899 903 omnium
932 866 1118 903 virtutum
1151 869 1265 908 esset,
1300 876 1389 902 cum
1417 864 1574 902 Graecis
1596 863 1783 902 heroibus
1812 864 1887 902 illis

176 938 258 972 tum
288 934 400 972 fratri
431 932 570 971 Catulli
600 932 721 970 letum
752 932 947 978 attulisse,
981 932 1049 971 sed
1070 932 1159 970 talia
1181 933 1358 976 nomina,
1391 932 1517 981 qualia
1550 936 1638 971 sunt
1661 931 1886 982 sepulcrum

177 1005 214 1038 et
246 1001 354 1044 cinis,
387 1004 550 1051 propter
580 1001 705 1050 ipsam
736 1000 919 1038 funerum
951 1001 991 1038 in
1024 1001 1107 1038 eius
1144 999 1260 1038 litore
1299 1000 1556 1038 deductorum
1598 999 1888 1038 multitudinem

174 1069 260 1106 iure
291 1068 498 1119 accepisse.
560 1066 695 1116 ltaque
727 1067 979 1106 scribendum
1012 1073 1088 1106 est:
1127 1068 1170 1105 H
1177 1079 1263 1105 uec
1293 1070 1440 1105 etiam
1466 1074 1596 1106 nostro
1625 1070 1739 1106 letum
1771 1070 1889 1104 russe—

174 1136 299 1174 rabe'le
324 1135 453 1182 fratri
475 1136 622 1173 Attulit.
673 1135 797 1173 Simili
829 1135 1100 1174 emendatione
1132 1134 1355 1173 sanabimus
1387 1135 1517 1174 locum
1550 1137 1615 1185 qui
1646 1135 1790 1185 legitur
1823 1140 1889 1179 75,

175 1206 218 1245 3:
252 1215 376 1251 quare
406 1203 477 1241 leoo
507 1208 562 1240 est
595 1208 753 1250 qralum
782 1204 889 1242 nobis
919 1214 1068 1252 qzcoque
1097 1205 1232 1242 corius
1261 1215 1378 1251 auro7
1420 1203 1485 1242 uhi
1524 1202 1776 1241 scribendum
1809 1207 1889 1240 est:

175 1282 299 1319 quare
326 1271 398 1309 lzoo
428 1275 484 1308 est
508 1275 668 1318 ‘oratum
688 1271 814 1318 uobis,
845 1271 932 1309 ltoe
958 1273 1090 1309 carius
1117 1282 1239 1316 αισι),-
1270 1272 1318 1309 cs.
1351 1275 1425 1316 70,
1458 1275 1507 1314 19
1550 1282 1629 1309 uua
1658 1273 1765 1309 salus
1793 1271 1892 1308 haec

173 1344 239 1386 est,
266 1339 340 1378 lzoo
363 1343 420 1377 est
445 1339 512 1376 te'lu'
532 1340 863 1387 perm'nceuclwn.·
889 1339 974 1377 Hoc
996 1339 1144 1385 facias,
1170 1342 1248 1377 sive
1268 1340 1311 1377 2'cl
1337 1350 1413 1377 uon
1432 1344 1525 1388 pote
1549 1341 1628 1377 sire
1642 1345 1744 1387 pote,
1778 1343 1814 1376 ct
1838 1343 1886 1381 71

174 1409 226 1448 22
257 1417 333 1445 uon
379 1407 483 1453 ideo,
526 1407 642 1451 Gelli,
683 1408 894 1454 sperabam
922 1412 957 1445 te
985 1408 1081 1444 milet
1106 1408 1231 1453 fidum
1270 1407 1318 1444 In
1355 1410 1496 1445 misero
1525 1408 1597 1445 ltoe
1633 1411 1777 1454 nostro,
1817 1407 1889 1443 lzoo

166 1475 326 1522 perdito
355 1484 488 1512 amore
514 1474 617 1520 fore.
679 1474 862 1513 Ceterum
893 1486 943 1512 ne
973 1473 1212 1513 Ribbeekius
1245 1475 1400 1524 quidem
1432 1474 1581 1518 locum,
1623 1474 1725 1511 unde
1758 1475 1888 1511 exorsi

173 1554 322 1585 sumus,
346 1542 440 1580 satis
462 1541 626 1580 feliciter
649 1546 837 1580 tractasse
860 1541 1012 1579 videtur
1037 1541 1174 1591 (annal.
1200 1541 1332 1592 philol.
1356 1546 1461 1585 1862
1484 1555 1520 1592 p.
1542 1540 1634 1591 378)
1659 1540 1887 1578 conicicndo

173 1621 274 1657 quae
303 1611 401 1648 vitat
434 1614 609 1655 nostrae,
650 1622 739 1647 cum
776 1611 911 1655 etiam7
955 1614 997 1647 ut
1027 1609 1220 1660 Hauptius
1251 1616 1357 1648 recte
1398 1609 1607 1653 intellexit,
1648 1610 1885 1659 requiratur,

173 1676 281 1715 lusus
303 1681 434 1715 autem
456 1677 659 1716 notionum
691 1678 789 1715 vitae
822 1682 860 1715 et
889 1676 957 1715 leti
987 1677 1050 1715 hic
1079 1689 1158 1715 11011
1180 1679 1302 1727 magis
1323 1677 1473 1728 placeat
1495 1689 1610 1727 quam
1643 1680 1706 1720 64,
1731 1679 1755 1717 6
1786 1677 1891 1723 quod

171 1745 324 1783 scibant
359 1746 514 1783 Parcae
559 1756 634 1782 uon
672 1747 785 1792 lonqo
824 1752 995 1794 tempore
1030 1746 1173 1789 abisse,
1223 1745 1289 1783 ubi
1327 1746 1451 1783 abisse
1487 1757 1582 1795 prae
1620 1743 1885 1782 Ribbeckiano

172 1815 261 1850 m'xe
292 1817 452 1851 tuentur
482 1812 522 1850 hi
558 1811 655 1850 loci:
698 1812 763 1850 Ov.
801 1825 887 1863 epp.
931 1824 976 1850 ex
1015 1813 1138 1851 Ponto
1172 1817 1214 1857 3,
1248 1817 1293 1857 4,
1328 1816 1378 1855 60
1419 1824 1547 1850 (aeuus
1584 1813 1708 1850 abisse
1743 1818 1887 1860 potest,-

173 1881 265 1919 artis
297 1893 370 1919 am.
405 1883 448 1924 3,
473 1883 524 1922 60
554 1882 611 1918 sie
640 1882 787 1918 nullum
817 1881 919 1919 vobis
950 1886 1099 1929 tempus
1125 1881 1243 1918 abibit
1269 1883 1395 1925 iners,·
1427 1880 1539 1918 Statii
1570 1879 1691 1918 Theb.
1720 1883 1782 1924 12,
1807 1882 1883 1921 231

172 1950 292 1987 nescit
320 1948 444 1986 abisse
473 1949 586 1986 illem.

226 2053 281 2093 66,
303 2054 340 2087 3:
372 2052 451 2087 Nee
472 2056 595 2087 tamen
618 2052 682 2086 illa
703 2051 794 2086 milu'
813 2053 953 2087 (lextra
975 2053 1136 2087 deducta
1155 2057 1320 2098 palerna

465 2120 722 2166 Frayrantem
744 2119 901 2166 Assyrio
924 2121 1021 2155 veuit
1043 2121 1156 2155 odore
1178 2121 1324 2155 (lonium
1340 2148 1349 2165 ,

381 2187 456 2223 Secl
471 2187 620 2234 furtiva
641 2188 742 2223 dedit
762 2188 860 2222 mira
881 2189 1105 2223 munuscula
1127 2192 1245 2229 nocte,

463 2255 593 2301 Ipsius
614 2265 664 2290 ea:
684 2256 764 2301 ipso
786 2256 935 2301 dempta
958 2256 1030 2291 viri
1046 2256 1200 2302 yremio.

284 2343 393 2389 Quod
432 2344 591 2382 Vossius
629 2345 770 2382 miram
800 2350 947 2382 noctem
979 2343 1166 2394 exemplis
1207 2343 1451 2389 Catullianis,
1494 2343 1621 2394 qualia
1659 2349 1750 2382 sunt
1785 2346 1887 2381 mira

171 2423 250 2456 ars,
288 2413 390 2449 mira
425 2414 564 2459 pietas,
605 2410 796 2456 defendit,
837 2410 1010 2461 neglexit
1047 2410 1143 2449 haec
1186 2413 1300 2450 11111115
1332 2413 1523 2461 cuiusque
1554 2413 1692 2450 aetatis
1726 2423 1796 2450 usu
1829 2411 1884 2449 di-

170 2479 271 2517 rimi.
334 2479 573 2517 Nostratium
605 2491 691 2517 cum
733 2491 848 2517 nemo
882 2479 1053 2517 offendat
1090 2480 1129 2517 111
1163 2479 1354 2518 Heiniano
1393 2479 1458 2517 illo
1499 2492 1615 2518 versu
1653 2480 1754 2518 eDer
1785 2480 1886 2517 Kuss

170 2558 245 2584 von
274 2545 402 2584 ihrem
423 2546 560 2590 Mund,
594 2546 669 2584 deu
701 2547 756 2584 sie
786 2548 861 2585 mir
893 2548 994 2585 611151
1024 2547 1201 2596 gegeben
1231 2549 1271 2585 111
1302 2547 1536 2586 wunderhar
1567 2550 1701 2585 slisser
1731 2546 1884 2600 StundJ,

170 2615 373 2663 antiquum
394 2619 550 2664 poetam
573 2625 785 2662 numquam
820 2626 864 2652 eo
897 2614 1182 2653 descensurum
1213 2616 1335 2653 fuisse
1366 2616 1630 2653 certissimum
1654 2619 1723 2658 est,
1757 2625 1885 2663 neque

170 2681 263 2720 fecit
292 2682 542 2732 Propertius,
576 2693 663 2719 cum
694 2693 847 2719 summo
879 2681 1086 2732 voluptatis
1120 2695 1236 2721 sensu
1270 2683 1457 2734 perfusus
1491 2683 1631 2720 cecinit
1663 2685 1706 2726 3,
1742 2686 1804 2725 15,
1842 2686 1882 2722 1:

169 2760 191 2787 o
222 2761 281 2788 me
302 2750 459 2797 felicem
473 2747 487 2787 ,Ι
533 2759 554 2786 o
579 2759 660 2786 noa:
689 2749 786 2786 milti
814 2747 1016 2793 candidu!
1056 2757 1093 2788 et
1127 2762 1147 2787 o
1185 2755 1224 2789 tu
1255 2751 1409 2789 lectule
1447 2751 1597 2788 delictis
1631 2749 1742 2796 facte
1779 2749 1886 2786 beate

169 2819 276 2856 meis.
335 2817 471 2866 Itaque
508 2817 594 2854 iure
634 2828 704 2854 suo
735 2815 938 2861 Heinsius,
974 2816 1230 2863 Schraderus,
1270 2818 1333 2857 alii
1364 2830 1499 2856 vocem
1539 2817 1643 2855 illam
1674 2828 1751 2854 non
1782 2815 1882 2853 tule-

170 2888 282 2929 runt,
315 2896 557 2935 quamquam
582 2884 819 2922 coniecturis
858 2895 993 2922 verum
1024 2887 1192 2922 assecuti
1223 2898 1301 2924 non
1334 2890 1436 2924 sunt.
1504 2883 1764 2923 Scribendum
1804 2887 1880 2920 est:

171 2950 251 2988 Sed
277 2952 431 2998 furtiva
454 2954 562 2990 (ledit
587 2954 765 2989 misero
794 2954 1025 2990 mzcnusoula
1056 2958 1182 3000 noete,
1222 2964 1298 3003 quo
1330 2953 1568 3002 significatur
1599 2952 1741 2989 misera
1774 2949 1881 2988 adul-

172 3019 245 3055 teri
276 3019 450 3058 condicio
483 3019 583 3058 dona
615 3031 661 3057 ex
692 3019 776 3069 ipso
808 3019 880 3057 viri
910 3020 1060 3069 gremio
1092 3019 1248 3070 dempta
1280 3021 1527 3071 accipientis;
1562 3019 1608 3056 cs.
1633 3019 1748 3068 Prop.
1774 3021 1811 3062 2,
1844 3022 1881 3062 9,

171 3088 220 3125 41
262 3087 395 3124 sidera
428 3093 518 3126 suut
554 3092 664 3126 testes
701 3092 738 3124 et
764 3088 957 3124 matutino
978 3088 1131 3135 pruina
1169 3088 1219 3126 Ec
1241 3088 1384 3135 suram
1418 3089 1558 3126 misero
1588 3088 1711 3124 ianua
1742 3091 1884 3134 aperta

171 3153 278 3191 milei.
