2330 3606
494 157 532 194 H.
564 159 602 192 A.
636 156 767 192 KOCH:
801 156 1098 192 CONIECTANEA
1129 155 1168 190 IN
1200 154 1368 190 PoE'rAs
1398 154 1592 190 LATINOS.
1814 148 1897 191 335

188 271 245 308 sic
269 269 325 307 ad
350 279 423 307 sua
443 268 597 316 ¹aaua'ta
624 269 732 314 coyt,·
771 279 868 304 rein.
903 269 983 309 728
1021 266 1085 303 bie
1121 265 1219 302 1111711·
1253 266 1400 302 lasciva
1437 264 1591 312 yaude'a
1627 268 1736 302 nocte
1767 264 1898 308 dedit,-

189 335 334 375 TilJulli
363 339 401 379 2,
435 339 477 379 1,
514 337 564 376 12
602 334 780 372 discedat
809 333 859 371 ab
888 336 970 371 aris
1010 333 1081 370 Cui
1112 333 1196 370 tuta
1216 332 1397 370 besterna
1419 332 1572 379 gaudia
1602 336 1712 370 nocte
1749 332 1898 376 Venus,-

189 407 234 447 2,
268 406 311 447 3,
347 405 398 445 72
433 407 512 440 tum
542 402 679 449 quihus
708 401 914 449 aspirabat
944 411 1068 450 amor,
1098 399 1318 448 praebebat
1349 404 1486 448 aperte
1514 399 1622 437 Mitis
1654 401 1693 436 m
1717 399 1897 437 umbrosa

183 470 337 518 ,claudia
370 472 473 508 valle
512 470 650 507 Venus.

242 574 338 609 Artis
359 577 398 613 2,
422 575 505 608 381:
538 572 711 618 Coniuyis
732 572 934 607 admissam
955 571 1166 617 violataque
1186 571 1274 606 iura
1294 571 1453 605 maritae

616 639 799 675 Barbara
814 649 890 685 per
910 643 1020 674 natos
1040 639 1204 674 Phasias
1224 638 1305 673 ulta
1326 648 1426 673 suos.

299 716 582 755 Dubitaverunt
619 715 789 753 editores
817 720 950 754 utrum
979 716 1163 760 maritae,
1196 714 1299 763 quod
1330 714 1475 763 Regius
1507 712 1641 755 habet,
1681 725 1728 751 an
1767 715 1903 750 maretz?

187 784 439 823 scribendum
470 790 593 827 esset;
627 783 695 821 sed
726 795 860 821 verum
891 789 948 820 est
978 784 1070 820 iura
1096 784 1298 826 maritm-
1330 782 1377 819 ef.
1405 781 1520 831 Prop.
1546 786 1583 824 5,
1608 783 1643 824 3,
1670 785 1716 821 11
1751 781 1900 818 haecne

186 854 331 890 marita
355 853 478 899 fides‚·
507 851 622 902 Prop.
658 855 702 894 4,
737 853 809 894 20,
842 853 894 892 26
933 861 1052 889 sacra
1085 851 1247 893 marita,
1290 853 1329 886 et
1360 860 1458 898 quae
1490 847 1740 886 Marklandus
1778 847 1896 885 colle-

186 921 242 969 git
271 919 317 958 ad
349 919 461 958 Statii
491 918 573 957 silv.
609 923 652 961 1,
686 920 729 962 2,
763 920 856 960 218.

243 1035 339 1070 Artis
362 1037 400 1074 2,
422 1035 488 1068 496
510 1032 566 1080 (de
587 1032 782 1080 Apolline):
814 1036 917 1068 vates
937 1033 997 1068 itte
1019 1032 1201 1068 videndus
1222 1033 1312 1088 agit.

298 1121 354 1160 Ab
384 1121 563 1173 Apolline
594 1125 730 1171 poetas
758 1121 895 1170 agitari
927 1132 1061 1158 verum
1093 1119 1251 1170 quidem
1284 1124 1353 1162 est,
1386 1117 1449 1156 1116
1480 1122 1609 1156 autem
1640 1117 1678 1155 id
1710 1130 1788 1155 non
1818 1117 1897 1166 agi-

187 1194 271 1233 tur,
312 1189 379 1228 sed
411 1189 661 1227 manifestum
699 1198 828 1237 neque
867 1187 956 1226 ullis
994 1186 1209 1226 involucris
1241 1192 1385 1225 tectum
1418 1185 1536 1223 deum
1566 1186 1692 1236 poetis
1723 1186 1899 1236 aspicere

189 1256 321 1295 licere.
382 1256 516 1305 Itaque
547 1257 661 1294 unice
691 1255 936 1305 proh-andum
970 1260 1048 1299 est,
1083 1254 1186 1305 quod
1219 1254 1336 1292 editio
1368 1255 1492 1304 prima
1524 1252 1658 1296 habet,
1692 1254 1816 1302 adit,
1849 1252 1897 1290 cf.

189 1329 279 1362 met.
316 1328 386 1368 10,
419 1326 495 1366 651
539 1325 713 1370 nullique
747 1323 918 1361 videnda
954 1324 1032 1360 m‘sz'
1072 1324 1151 1371 ipsi
1183 1323 1452 1371 Hippomenen
1489 1322 1586 1359 adit.
1653 1319 1772 1358 Paulo
1811 1325 1901 1370 post

187 1403 221 1429 v.
256 1394 337 1433 524
368 1396 474 1429 recte
506 1390 708 1428 Heinsium
739 1402 811 1440 pro
843 1389 994 1439 vulgata
1026 1390 1172 1437 Perfer
1200 1397 1237 1427 et
1263 1390 1460 1427 immundo
1484 1400 1630 1437 ponere
1651 1399 1794 1436 eorpus
1821 1388 1902 1424 lm-

187 1469 248 1496 mo
271 1459 524 1509 proposuisse
549 1457 694 1506 perfer
724 1460 771 1496 in
800 1458 999 1495 immundo
1026 1457 1117 1495 inde
1138 1462 1257 1508 patet,
1291 1456 1394 1506 quod
1425 1458 1557 1507 inepte
1579 1468 1724 1499 amans,
1758 1461 1900 1493 utnon

188 1531 337 1564 tantum
368 1526 408 1563 in
438 1525 584 1563 mundo
615 1524 682 1563 sed
716 1526 831 1564 etiam
859 1525 899 1563 in
930 1525 1130 1563 immundo
1161 1524 1280 1563 humo
1318 1537 1463 1575 corpus
1493 1529 1678 1574 poneret,
1718 1535 1899 1561 monere-

188 1598 264 1632 tur.
324 1598 362 1631 et
398 1598 436 1630 et
474 1594 511 1630 tn
543 1605 622 1630 non
654 1592 774 1630 semel
806 1597 1027 1635 mutantur;
1062 1593 1109 1630 cf.
1145 1592 1259 1642 Prop.
1294 1595 1331 1636 3,
1365 1594 1429 1634 31,
1466 1596 1534 1633 11;
1567 1595 1605 1634 4,
1640 1595 1702 1633 15,
1737 1593 1801 1634 32,
1834 1589 1902 1627 ubi

188 1660 292 1711 quod
323 1660 390 1698 GR
420 1659 565 1699 habent
595 1660 727 1697 Eurus
746 1661 787 1698 111
818 1659 968 1698 Keilius
998 1664 1106 1698 recte
1138 1660 1299 1698 mutavit
1328 1660 1369 1697 111
1395 1659 1529 1697 Eurus
1559 1663 1595 1696 et
1605 1672 1618 1703 ,·
1649 1663 1686 1701 5,
1719 1661 1756 1701 8,
1791 1661 1855 1700 St).

244 1776 338 1810 Artis
360 1778 400 1815 2,
421 1775 505 1809 693:
537 1773 647 1810 Haec
667 1775 763 1810 bona
785 1786 857 1810 11011
877 1776 1026 1821 primae
1047 1776 1176 1810 tribuit
1195 1778 1337 1810 natura
1357 1775 1541 1816 iuventae,

620 1841 725 1885 Quae
746 1844 816 1878 cito
834 1847 921 1888 post
941 1848 1081 1889 septem
1102 1843 1225 1877 lustra
1248 1843 1374 1877 venire
1395 1842 1527 1878 solent.

300 1930 347 1969 Et
376 1931 509 1980 inepte
539 1930 729 1968 sententia
761 1930 1001 1968 conformata
1033 1935 1110 1974 est,
1151 1941 1226 1979 qua
1263 1942 1342 1967 non
1372 1930 1520 1980 primae
1550 1929 1729 1966 iuventae
1761 1932 1897 1967 natura

187 1997 289 2037 hona
319 2002 409 2048 post
440 2001 591 2047 septem
623 1996 780 2034 demum
809 1996 931 2035 lustra
970 1998 1164 2035 venientia
1204 1997 1386 2035 tribuisse
1418 1996 1675 2046 significatur,
1716 2007 1788 2033 nee
1824 2007 1897 2032 vox

188 2068 261 2104 cito
281 2077 358 2115 quo
380 2064 496 2102 modo
527 2064 658 2102 locum
688 2063 829 2103 haheat
858 2065 898 2102 in
929 2069 1080 2115 septem
1110 2064 1324 2102 lustrorum
1356 2065 1480 2114 spatio
1502 2063 1754 2113 intellegitur.
1798 2062 1900 2100 Vidit

187 2133 288 2172 hano
319 2131 585 2170 difficultatem
616 2131 879 2175 Burmannus,
913 2133 977 2181 qui
1009 2132 1181 2170 correxit
1210 2143 1311 2179 quae
1338 2134 1415 2169 nisi
1432 2137 1543 2180 post,·
1584 2131 1652 2169 sed
1692 2130 1794 2180 quod
1825 2132 1902 2168 nist

185 2200 290 2239 idem
322 2212 407 2238 esse
437 2211 553 2250 posse
585 2204 700 2248 atque
730 2201 887 2237 1101111ῖεὶ
915 2200 1109 2249 opinatur,
1144 2200 1300 2248 egregie
1325 2198 1481 2237 fallitur.
1534 2197 1794 2236 Scribendum
1819 2202 1896 2236 est:

189 2268 284 2306 Nee
322 2269 422 2305 nisi
456 2272 543 2315 post
567 2272 711 2315 septem
742 2269 867 2304 tustra
898 2269 1032 2305 ventre
1061 2269 1192 2305 solent.
1240 2278 1311 2304 1166
1348 2268 1425 2304 m'sc'
1459 2267 1511 2305 ita
1548 2267 1587 2304 in
1619 2278 1756 2304 versus
1786 2267 1897 2304 initio

190 2334 311 2373 hahes
341 2335 434 2373 artis
467 2338 503 2378 3,
537 2336 636 2377 234;
668 2334 755 2371 fast.
789 2339 826 2378 5,
860 2336 925 2377 62,
957 2332 1019 2371 1116
1051 2334 1208 2383 quidem
1241 2338 1279 2372 et
1308 2335 1499 2372 sententia
1531 2333 1709 2372 similiter
1740 2334 1896 2371 confor-

187 2407 309 2441 mata:
342 2413 413 2440 1166
433 2403 511 2440 nisi
532 2406 619 2449 post
640 2412 763 2439 annos
786 2402 918 2449 patuit
946 2406 1037 2439 111116
1067 2404 1181 2440 curta
1207 2412 1326 2440 seros.

244 2507 340 2541 Artis
370 2507 409 2545 3,
440 2507 501 2540 39:
532 2505 583 2540 Et
599 2504 746 2550 famam
764 2506 916 2550 pietatis
936 2504 1057 2548 habet,
1081 2510 1204 2540 tamen
1226 2505 1363 2551 hospes
1383 2509 1418 2540 et
1438 2514 1563 2540 ensem

615 2572 798 2607 Praebuit
819 2576 854 2608 et
873 2583 1028 2608 causam
1052 2574 1200 2614 mortis,
1223 2574 1370 2614 Elissa,
1395 2577 1493 2608 tuae.

300 2649 380 2688 Nec
416 2655 470 2696 et,
510 2648 614 2697 quod
651 2649 805 2687 codices
845 2648 1008 2693 habent,
1047 2662 1120 2687 1166
1151 2655 1208 2696 at,
1242 2648 1346 2698 quod
1384 2661 1472 2687 cum
1502 2648 1662 2686 Heinsio
1693 2647 1895 2686 1111561161*-

186 2715 330 2755 liehius
362 2716 538 2767 scripsit,
578 2716 618 2753 in
656 2715 729 2754 hac
766 2717 940 2755 virorum
982 2716 1224 2767 perfidorum
1264 2717 1559 2755 enumeratione
1597 2715 1754 2753 defendi
1792 2714 1893 2758 lieet,

189 2795 356 2833 eumque
386 2788 609 2835 praeterea,
652 2783 808 2832 quinam
846 2784 988 2823 famam
1018 2785 1172 2834 pietatis
1204 2783 1349 2822 hahere
1381 2783 1550 2826 dicatur,
1592 2784 1726 2832 utique
1766 2782 1894 2831 aliquo

188 2851 303 2889 modo
335 2847 630 2902 significandum
662 2850 730 2893 sit,
763 2850 999 2889 scribemus:
1035 2851 1123 2896 ,Oui
1146 2851 1302 2898 famam
1323 2853 1484 2900 pietatis
1512 2851 1638 2888 babet.

245 2967 341 3001 Artis
371 2968 409 3006 3,
440 2967 501 3000 53:
532 2964 660 3008 Discit,
684 2969 718 3000 et
738 2975 757 3000 e
778 2968 900 3011 myrto
925 2985 969 2990 —
995 2969 1118 3011 myrto
1149 2977 1236 3001 nam
1258 2968 1381 3002 vineta
1402 2966 1560 3011 capillos

619 3031 846 3067 Constiterat
868 3052 913 3056 —
935 3031 1068 3078 folium
1088 3044 1286 3079 qranaqae
1301 3044 1433 3079 pauca
1454 3033 1564 3068 dedit.

534 3099 727 3135 Sensimus
747 3100 912 3145 acceptis
932 3109 1068 3134 numen
1090 3111 1244 3146 quoque.
1281 3101 1420 3147 purior
1440 3099 1570 3134 aether

615 3167 748 3206 Futsit,
769 3171 804 3202 et
823 3176 843 3202 e
863 3171 936 3202 toto
951 3171 1107 3213 pectore
1126 3169 1238 3203 cessit
1256 3177 1361 3203 onus.
