2330 3606
379 133 460 173 358>
692 136 730 171 Η.
762 137 803 171 Λ.
835 136 970 172 ΚΟΟΗ;
1000 136 1300 172 CONIECTANEA
1329 136 1371 171 lN
1399 135 1565 172 POETAS
1596 136 1790 172 LATINOS.

494 248 672 298 Pugnant
703 247 821 286 verba
851 248 956 295 quod
982 252 1019 286 et
1041 251 1222 296 praestat
1251 259 1339 285 cum
1371 248 1561 298 proximis
1591 249 1688 296 quid
1716 250 1817 286 enim
1848 249 1916 286 tibi
1942 249 2101 296 plenius

383 323 525 365 optem,
559 315 701 365 quibus
724 320 873 359 votum,
907 327 985 354 non
1008 317 1084 354 voti
1111 316 1257 354 exitum
1287 314 1363 352 illis
1395 315 1587 353 contineri
1618 316 1796 355 efficitur.
1838 316 1971 366 Itaque
2002 316 2099 354 scri-

384 385 542 423 bemus:
581 383 723 432 Teque,
757 384 862 431 quod
882 394 903 421 o
921 388 1168 432 praestet,
1201 382 1248 420 cf.
1273 383 1372 420 trist.
1400 387 1444 426 5,
1468 386 1512 427 9,
1538 386 1589 426 37
1629 384 1797 431 dumque
1822 384 1927 432 quod
1947 394 1969 422 o
1990 383 2102 421 breve

383 454 432 489 sit
459 455 587 489 [ermen
610 454 740 490 solare
768 452 901 490 videbo
931 451 1080 490 Serviet
1107 451 1239 498 officio
1259 452 1421 498 spiritus
1445 452 1510 488 ille
1535 456 1620 495 tuo,·
1652 451 1765 501 Verg.
1790 452 1884 490 Aen.
1919 454 1991 499 10,
2022 453 2099 493 631

383 520 489 568 quod
516 525 558 557 ut
581 531 602 558 o
625 521 752 568 potius
779 519 998 567 formidine
1023 519 1136 567 falsa
1167 519 1320 556 Latiar.

442 635 529 683 Epp.
553 646 591 670 ex
614 636 729 671 Ponto
752 638 783 675 2,
807 637 837 675 3,
862 636 921 670 19:
953 634 1058 670 Illud
1077 635 1261 670 amicitiae
1283 634 1471 680 quondam
1495 634 1705 669 venerabile
1727 644 1859 669 nomen

1037 702 1192 738 Prostat
1213 706 1248 737 et
1268 703 1306 736 in
1328 706 1487 747 quaestu
1508 713 1580 747 pro
1602 702 1800 737 meretrice
1822 702 1936 737 sedet.

498 792 585 831 Non
616 796 724 830 recte
755 791 958 830 Heinsium
989 802 1127 829 nomen
1152 791 1193 829 in
1223 801 1364 828 numen
1395 794 1568 828 mutasse
1609 789 1776 840 probant
1814 789 1853 827 hi
1883 789 1975 828 loci:
2018 802 2106 840 epp.

390 873 435 899 ex
475 860 599 899 Ponto
640 863 684 903 3,
719 862 763 904 2,
806 862 885 901 100
925 869 1062 897 nomen
1101 860 1298 897 amicitiae
1332 858 1507 896 barbara
1548 859 1673 896 corda
1710 863 1852 902 movet‚·
1891 861 1936 902 3,
1971 860 2014 901 2,
2055 861 2107 900 43

387 939 456 966 nos
484 938 634 976 qaoque
665 929 861 965 amicitiae
885 938 1022 965 nomen
1053 927 1149 965 bone
1180 928 1354 964 novemus
1384 926 1545 974 liospes,·
1577 929 1620 969 4,
1646 928 1716 969 13,
1741 929 1794 967 44
1827 937 1904 973 per
1934 936 2010 962 non
2038 927 2109 963 vile

387 996 456 1034 tibi
483 1006 620 1033 nomen
653 996 873 1040 amicitiae;
903 995 1004 1033 trist.
1030 1001 1071 1038 1,
1107 998 1149 1038 8,
1185 997 1234 1036 15
1274 994 1376 1032 illud
1413 995 1611 1031 amicitiae
1646 998 1824 1031 sanctum
1854 1004 1903 1031 ac
1942 1003 2110 1030 venera-

387 1065 462 1102 bile
490 1074 640 1101 nomen.

446 1179 533 1226 Epp.
557 1189 598 1214 ex
619 1178 733 1214 Ponto
757 1179 788 1220 3,
811 1181 842 1218 7,
865 1180 927 1212 21:
962 1176 1074 1224 Spem
1095 1178 1196 1213 iuvat
1218 1178 1404 1223 amplecti,
1429 1186 1527 1222 quae
1550 1188 1623 1212 non
1645 1177 1745 1212 iuvet
1764 1177 1876 1212 irrita
1897 1186 2059 1224 semper,

1044 1246 1094 1281 Et
1111 1246 1201 1291 fieri
1219 1246 1353 1291 cupias
1373 1245 1407 1280 si
1426 1256 1500 1291 qua
1518 1243 1657 1291 futura
1675 1248 1799 1290 putes.

502 1335 646 1386 Aperta
677 1333 847 1372 duorum
879 1335 1171 1373 enuntiatorum
1205 1333 1358 1372 duobus
1390 1332 1593 1371 versiculis
1625 1344 1905 1383 expressorum
1944 1331 2114 1383 aequali-

390 1409 450 1442 tas
481 1403 595 1441 docet
626 1403 757 1453 priore
789 1414 905 1440 versu
936 1414 1015 1440 non
1047 1402 1095 1440 de
1127 1414 1196 1453 spe
1218 1400 1489 1452 amplectenda
1519 1401 1558 1438 in
1590 1401 1816 1439 universum
1848 1400 1940 1445 dici,
1974 1400 2116 1439 deinde

393 1471 481 1510 addi
512 1472 645 1509 irritae
677 1470 760 1520 spei
791 1470 1090 1520 praeferendam
1124 1481 1209 1507 esse
1241 1474 1384 1513 ratam,
1427 1468 1494 1506 sed
1533 1467 1581 1506 de
1613 1480 1657 1506 ea
1688 1472 1860 1512 tantum,
1901 1480 2017 1518 quam
2054 1481 2116 1506 ra-

392 1544 471 1577 tam
503 1539 587 1576 sore
621 1543 849 1588 exspectare
880 1538 1021 1588 possis.
1064 1537 1120 1576 Ad
1152 1536 1256 1588 quod
1287 1536 1504 1575 sententiae
1535 1536 1669 1574 vitium
1702 1548 1790 1574 cum
1822 1536 1981 1575 accedat
2010 1537 2117 1574 vocis

394 1609 501 1645 iuvat
520 1606 673 1644 iteratio
694 1606 858 1655 ingrata,
892 1605 1131 1644 scribemus:
1166 1604 1282 1653 Spem
1312 1606 1420 1642 iuvat
1440 1605 1633 1652 amplecti,
1661 1615 1762 1651 quae
1791 1614 1867 1642 non
1898 1605 2029 1642 iacet
2057 1605 2119 1641 ir—

394 1676 471 1712 rita
502 1685 668 1722 semper.

453 1790 541 1838 Epp.
565 1801 606 1825 ex
626 1789 740 1825 Ponto
764 1792 794 1829 4,
817 1792 848 1829 7,
871 1791 935 1824 29:
960 1790 1006 1825 At
1029 1789 1103 1831 tibi,
1121 1788 1327 1834 proqenies
1348 1788 1417 1822 alti
1433 1786 1646 1833 fortissima
1668 1785 1816 1829 Domni,

1068 1856 1175 1891 Venit
1195 1857 1235 1891 in
1257 1856 1437 1891 (alvers-os
1458 1855 1619 1900 impetus
1638 1855 1694 1889 ire
1716 1855 1826 1890 viros.

511 1944 631 1984 Nihili
672 1950 730 1983 est
767 1946 921 1995 Dauni,
962 1944 1067 1996 quod
1105 1943 1226 1982 voluit
1255 1943 1452 1982 Heinsius.
1516 1942 1778 1981 Scribendum
1817 1954 1904 1981 esse
1944 1942 2120 1980 videtur:

395 2016 605 2063 prayenies
633 2015 705 2051 alti
737 2013 956 2060 fortissima
996 2013 1151 2058 dorsi,
1191 2011 1294 2063 qnod
1335 2010 1672 2049 accommodatum
1714 2015 1772 2048 est
1807 2011 1938 2048 iuveni
1975 2009 2124 2061 Alpinis

402 2081 563 2132 regibus
595 2086 681 2119 orto
716 2081 761 2132 (v,
787 2084 845 2132 6);
880 2081 926 2119 cf.
964 2080 1074 2119 Statii
1106 2079 1188 2118 silv.
1215 2084 1258 2123 1,
1283 2083 1326 2124 4,
1352 2084 1403 2122 57
1445 2080 1604 2127 Alpini.
1629 2107 1639 2117 .
1664 2079 1777 2116 iuncta
1804 2079 1976 2116 culmina
2004 2078 2123 2115 dorsi.

460 2198 547 2244 Epp.
571 2207 610 2232 ex
627 2197 743 2232 Ponto
766 2199 796 2236 4,
815 2199 869 2241 16,
887 2199 948 2231 31;
972 2196 1062 2232 Cum
1095 2194 1220 2230 Varus
1244 2194 1515 2240 Gracchusque
1536 2194 1675 2229 darent
1692 2192 1783 2239 fera
1805 2194 1906 2229 dicta
1936 2193 2123 2240 tyrannis,

1058 2262 1280 2299 Callimachi
1298 2262 1487 2298 Proculus
1506 2262 1613 2297 molle
1635 2265 1777 2296 teneret
1798 2261 1890 2296 iter.-

976 2331 1131 2377 Tityrus
1152 2332 1330 2376 antiquas
1350 2334 1385 2365 et
1406 2334 1489 2365 erat
1510 2330 1576 2375 qui
1591 2332 1771 2374 pasceret
1787 2329 1926 2364 herbas

1058 2398 1237 2445 Aptaque
1259 2398 1413 2434 venanti
1433 2397 1588 2433 Gratius
1609 2408 1718 2432 arma
1739 2397 1861 2432 claret.

524 2488 570 2526 Vt
600 2486 892 2536 intellegamus,
927 2486 1017 2538 quid
1050 2486 1167 2525 lateat
1196 2498 1312 2524 versu
1335 2471 1529 2529 33,*inde
1559 2483 1890 2536 proficiscendum
1920 2489 1990 2528 est,
2024 2482 2128 2534 quod

409 2554 620 2595 admodum
652 2553 855 2605 probabile
893 2554 956 2598 sit,
996 2567 1131 2593 vocem
1153 2559 1340 2602 pasceret
1375 2553 1521 2603 pariter
1553 2558 1779 2603 usurpatam
1819 2563 1906 2590 esse
1936 2556 2052 2602 atque
2088 2551 2129 2588 in

409 2623 599 2676 proximis
631 2622 746 2659 claret
768 2621 864 2668 sera
896 2623 1001 2660 dicta
1039 2624 1220 2671 tyrannis
1251 2626 1287 2659 et
1323 2631 1437 2658 arma
1469 2621 1600 2667 claret,
1639 2626 1682 2658 ut
1712 2631 1812 2671 quae
1843 2619 1984 2657 cecinit
2012 2622 2128 2669 poeta

410 2693 494 2743 ipse
526 2691 665 2729 secisse
688 2689 850 2728 dicatur.
894 2689 1030 2739 Itaque
1062 2688 1297 2727 scribemus:
1337 2687 1494 2737 Tityrus
1524 2689 1783 2736 ayricolas
1809 2691 2130 2734 armentaque

410 2763 593 2809 pasceret
628 2758 809 2795 herbis.
880 2755 1050 2795 Verbum
1088 2756 1273 2808 pascendi
1311 2755 1357 2795 ad
1396 2761 1572 2794 armenta
1608 2753 1775 2793 relatum
1813 2752 1934 2791 habes
1970 2753 2056 2791 fast.
2090 2756 2127 2796 4,

414 2830 465 2869 67
504 2827 641 2874 hospes
668 2825 868 2863 Aventinis
898 2830 1116 2862 armentum
1144 2826 1257 2872 pavit
1286 2826 1325 2862 in
1362 2824 1511 2868 herbis,
1549 2822 1596 2861 ad
1627 2821 1827 2860 hominem
1854 2821 1939 2859 fast.
1971 2823 2015 2864 2,
2048 2822 2130 2862 566

415 2905 519 2932 nunc
546 2895 672 2941 posito
695 2894 876 2942 pascitur
902 2892 1041 2930 umbra
1072 2892 1176 2936 cibo,·
1208 2897 1383 2931 armenta
1415 2895 1453 2929 et
1483 2889 1674 2940 agricolas
1706 2889 1936 2927 coniunctos
1968 2887 2055 2926 fast.
2090 2890 2127 2931 3,

416 2964 465 3003 61
500 2962 672 2999 omnibus
710 2962 896 3009 aqricolis
925 2965 1268 3008 armentorumque
1301 2961 1522 3007 maqistris,·
1550 2957 1685 2996 herbis
1717 2959 1918 2995 vescentes
1947 2954 2129 2993 homines

418 3029 506 3068 fast.
542 3033 579 3073 4,
613 3032 693 3071 369
724 3031 824 3067 lacte
854 3039 967 3067 meros
986 3032 1132 3066 veteres
1162 3029 1223 3066 usi
1248 3031 1518 3066 memorantur
1545 3030 1581 3064 et
1608 3025 1750 3064 herbis.
