2330 3606
393 156 488 191 CAR.
511 155 605 191 CHR.
628 154 748 191 CONR.
771 154 985 191 VOELKER:
1007 153 1257 190 CONLECTAE
1279 155 1472 191 CRlTlCAE
1494 156 1548 191 ET
1570 155 1849 192 EXEGETICAE.
1905 151 1987 194 453

282 269 371 305 latis
399 267 570 314 undique
598 267 713 313 siqua
743 267 839 314 loqis
861 271 898 304 et
929 266 1057 305 statim
1086 270 1175 316 post
1205 268 1295 313 {oya
1324 264 1450 316 mota),
1485 266 1550 305 Ov.
1577 267 1686 317 epist.
1722 271 1785 311 10,
1809 271 1861 310 37
1869 271 1985 313 -42,

284 335 432 384 Vegetii
462 333 510 372 de
539 345 584 372 re
614 333 694 372 mil.
728 338 773 378 3,
807 339 830 376 5
863 333 1090 383 (praeterea
1125 344 1246 371 manu
1285 334 1450 381 aliquid,
1483 335 1543 372 vel
1574 336 1754 383 flabello,
1789 337 1849 373 vel
1883 341 1988 374 certe

281 406 383 440 mola
412 405 512 440 vesle
539 387 753 451 significat)
794 402 1013 440 rectissime
1050 402 1101 439 ita
1138 401 1420 451 interpretatus
1461 413 1547 440 esse
1585 401 1756 446 videtur,
1795 408 1839 441 ut
1872 408 1985 454 poeta

282 481 432 508 morem
463 474 640 508 veterum
673 469 863 519 designet,
897 480 973 518 quo
1005 468 1063 507 vel
1095 467 1344 506 discedentes
1381 468 1513 507 salutis
1544 468 1731 507 dicendae
1762 482 1897 510 caussa
1927 470 1985 509 vel

282 537 446 575 amicum
485 537 679 588 quendam
717 536 941 575 advocaturi
978 540 1125 574 vestem
1165 535 1224 573 vel
1260 540 1391 585 togam
1410 536 1624 580 iactabant,
1657 549 1731 587 qua
1760 538 1800 575 in
1830 551 1874 576 re
1895 551 1984 577 nos-

282 605 330 642 tri
360 603 539 642 homines
569 604 629 642 vel
659 604 786 655 pilleis
826 603 883 641 vel
923 603 1089 642 sudariis
1127 606 1304 641 utuntur.
1369 603 1498 648 Quem
1533 605 1636 642 enim
1666 604 1796 643 locum
1827 605 1985 644 Ladevi-

281 684 349 710 cus
379 671 426 710 ad
456 672 549 711 Aen.
586 676 621 716 S,
657 675 735 714 712
768 683 814 709 ex
846 671 979 710 0111110
1012 670 1136 715 affert,
1169 675 1260 708 met.
1295 673 1333 714 6,
1356 673 1435 714 298
1467 681 1584 718 quam
1613 676 1686 710 loto
1715 683 1878 720 corpore
1899 685 1986 711 ma-

281 744 348 785 ter,
376 744 454 777 lota
481 744 580 778 vesle
611 745 754 787 (efferis,
788 751 878 777 eum
907 740 1066 777 minime
1098 737 1173 776 huc
1204 738 1406 789 pertinere
1437 750 1591 776 censeo.
1641 742 1688 777 At
1717 752 1796 778 non
1826 741 1919 778 item
1941 742 1986 780 ad

280 806 525 857 Sternhergii
555 808 786 846 sententiam
819 806 962 845 accedo
999 807 1039 844 in
1077 805 1200 844 altero
1237 805 1325 844 loco
1359 805 1609 856 explicando,
1650 818 1681 844 v.
1716 811 1796 850 437
1826 819 1989 857 cumque

280 887 380 913 zenas
417 876 466 914 a⁷e
496 875 609 922 fame
642 877 767 924 fluas,
807 875 940 913 dicere
973 874 1163 923 bicornis,
1202 872 1269 911 ubi
1306 874 1475 912 bicornis
1512 886 1591 912 non
1629 874 1880 919 adiectivum,
1920 876 1987 914 sed

281 942 511 981 substantivi
541 942 626 981 loco
657 942 785 981 littera
815 941 952 991 initiali
991 940 1205 980 maiuscula
1244 940 1496 979 scribendum
1536 953 1621 980 esse
1653 948 1808 987 censet,
1849 944 1988 983 miram

281 1023 457 1049 caussam
488 1010 647 1055 addens,
678 1009 717 1048 id
747 1011 868 1049 fuisse
898 1009 963 1047 illo
997 1014 1173 1060 tempore
1204 1008 1370 1048 alterum
1391 1008 1518 1047 Rheni
1539 1021 1694 1048 nomen.
1749 1010 1855 1056 Quos
1887 1012 1988 1050 enim

279 1075 386 1116 locos
417 1078 547 1123 affert,
579 1078 759 1117 Eumenii
789 1089 927 1129 paneg.
963 1077 1120 1116 Const.:
1161 1082 1197 1114 el
1233 1081 1307 1115 loto
1335 1078 1459 1114 nostri
1487 1088 1629 1125 yreyes
1656 1080 1816 1123 flumine
1841 1079 1993 1118 bicorni

279 1151 523 1190 mersantur,·
568 1145 789 1197 Symmachi
827 1145 929 1183 laud.
971 1144 1119 1183 Valent.
1162 1156 1242 1183 sen.
1279 1148 1320 1187 3:
1370 1146 1444 1183 scil
1479 1145 1647 1184 bicornis
1684 1148 1754 1184 iste
1792 1152 1830 1184 et
1865 1159 1900 1198 q.
1943 1160 1987 1193 s.‚

280 1213 452 1252 ciusdem
484 1213 585 1252 laud.
620 1214 724 1252 Grat.
759 1217 803 1256 9:
847 1225 894 1251 en
923 1219 1053 1251 nosler
1081 1213 1249 1251 bicornis
1270 1224 1365 1252 cave
1395 1215 1598 1262 aequalem
1633 1218 1668 1252 le
1693 1215 1886 1253 arbitrere
1920 1215 1953 1252 T
1951 1218 1988 1253 i-

278 1282 429 1328 berino,
468 1282 720 1320 manifestum
760 1285 818 1319 est
857 1293 924 1319 eos
963 1281 1064 1332 apud
1096 1279 1278 1320 rhetores
1315 1281 1404 1320 illos
1434 1286 1547 1320 natos
1579 1293 1665 1320 esse
1697 1294 1744 1320 ex
1773 1283 1988 1322 imitatione

279 1349 437 1398 Vergilii
466 1351 560 1388 Aen.
595 1353 631 1393 8,
666 1352 745 1393 727
775 1351 1017 1397 extremique
1047 1350 1244 1387 hominum
1275 1350 1425 1388 Morini
1454 1349 1688 1397 Rhenusque
1712 1349 1891 1397 bicornis,
1922 1350 1989 1389 ubi

278 1421 390 1466 poeta
423 1417 470 1455 ad
501 1417 578 1455 duo
610 1419 719 1461 ostia,
751 1416 931 1455 Rhenum
965 1422 1003 1455 et
1024 1416 1219 1460 Vacalum,
1253 1416 1389 1455 alludit
1418 1429 1570 1455 memor
1601 1416 1728 1461 simul,
1760 1417 1988 1457 fluminibus

279 1497 425 1523 cornua
461 1486 613 1523 taurina
651 1490 694 1524 ut
735 1486 890 1535 signum
928 1483 1084 1523 roboris
1124 1490 1161 1522 et
1198 1484 1410 1523 fertilitatis
1449 1484 1628 1529 attribui,
1671 1484 1775 1523 unde
1805 1485 1988 1524 Horatius

279 1564 395 1592 carm.
430 1558 467 1597 4,
502 1557 565 1597 14,
599 1556 650 1595 25
683 1552 793 1591 dicit:
826 1555 882 1591 sic
909 1552 1157 1599 tauriformis
1188 1554 1351 1590 volvitur
1381 1553 1557 1598 Aufidus.
1617 1552 1674 1590 Ex
1714 1552 1851 1591 eodem
1883 1554 1988 1592 fonte

277 1621 436 1659 fluxisse
466 1620 619 1658 videtur
651 1620 882 1658 adiectivum
913 1621 1126 1665 bicornius,
1160 1632 1237 1672 quo
1268 1619 1472 1659 Aethicum
1511 1619 1777 1671 geographum
1807 1620 1988 1659 Rhenum

277 1688 423 1726 flumen
453 1688 672 1738 significare
705 1688 985 1739 Sternbergius
1017 1689 1193 1727 affirmat.

389 1756 535 1794 Verum
556 1755 652 1794 haec
674 1755 883 1799 hactenus3
916 1757 1145 1807 priusquam
1176 1761 1305 1794 tamen
1337 1755 1453 1793 huius
1475 1755 1839 1795 dissertatiunculae
1870 1757 1986 1796 finem

279 1823 388 1867 facio,
421 1823 612 1873 quaedam
643 1823 788 1862 addere
819 1823 915 1862 mihi
944 1823 1059 1862 liceat
1098 1823 1144 1861 de
1182 1823 1278 1862 locis
1311 1823 1457 1874 aliquot
1488 1836 1533 1861 ex
1565 1823 1796 1863 historiis
1828 1824 1987 1863 Taciti

276 1891 419 1941 petitis,
452 1890 568 1929 simul
597 1897 639 1929 ut
668 1903 730 1929 me
761 1892 845 1942 ipse
877 1892 1081 1941 corrigam,
1115 1892 1259 1942 quippe
1291 1892 1356 1941 qui
1383 1892 1423 1929 in
1445 1890 1575 1929 libello
1597 1904 1723 1942 nuper
1746 1891 1866 1930 edito:
1902 1892 1987 1931 ‘der

276 1957 608 2010 Freiheitskampf
641 1958 711 1997 der
749 1958 936 1998 Bataver’
977 1964 1091 2003 cett,
1138 1971 1255 2010 quem
1295 1971 1411 2009 supra
1449 1959 1524 1997 iam
1564 1961 1884 2004 commemoravi,
1925 1959 1985 2000 hic

276 2025 355 2064 11110
386 2038 540 2065 errasse
570 2025 665 2065 mihi
694 2026 838 2065 videar.

387 2093 484 2132 Hist.
520 2099 556 2139 1,
589 2097 640 2136 20
673 2094 864 2133 editiones
895 2106 991 2145 quas
1021 2095 1175 2145 inspexi
1206 2106 1344 2132 omnes
1382 2093 1547 2133 habent:
1588 2097 1789 2133 exactioni
1825 2098 1986 2144 irissinta

276 2163 420 2209 equites
447 2162 620 2200 Romani
642 2163 882 2211 praeposili;
909 2175 998 2200 cum
1029 2167 1159 2200 tamen
1192 2161 1292 2200 liber
1314 2161 1517 2200 Mediceus
1538 2162 1725 2213 praebeat
1755 2167 1985 2215 eaaclionis,

278 2241 349 2279 ego
381 2229 525 2268 suadeo
556 2234 599 2268 ut
628 2229 779 2280 legatur
809 2230 1095 2279 exactionibus,
1136 2230 1238 2280 quod
1278 2234 1315 2267 et
1352 2230 1516 2280 propius
1556 2229 1713 2269 accedat
1751 2231 1797 2269 ad
1829 2233 1986 2283 vestigia

278 2296 421 2335 codicis
454 2302 491 2335 et
521 2296 595 2335 hoc
632 2297 719 2335 loco
759 2299 885 2349 aptius
924 2309 1009 2336 esse
1046 2297 1243 2341 videatur;
1286 2298 1367 2335 sine
1407 2296 1525 2335 dubio
1566 2298 1669 2336 enim
1707 2311 1786 2337 non
1825 2299 1871 2337 de
1911 2313 1986 2338 una

278 2365 490 2409 exactione,
524 2365 592 2403 sed
624 2365 672 2403 de
701 2365 880 2416 pluribus
912 2378 1042 2404 sermo
1075 2371 1151 2409 est,
1192 2366 1337 2416 quippe
1367 2363 1509 2415 quibus
1540 2366 1698 2415 triginta
1731 2368 1880 2416 equites
1911 2369 1987 2406 sint

276 2433 500 2483 praepositi.
561 2432 617 2471 Ita
649 2438 707 2471 est
737 2445 825 2472 ann.
862 2437 925 2477 13,
958 2437 1007 2476 51
1040 2438 1077 2472 et
1109 2445 1210 2481 quae
1239 2435 1321 2471 alia
1356 2433 1627 2471 exactionibus
1654 2435 1799 2473 illicitis
1828 2437 1985 2474 nomina

271 2500 478 2549 publicani
505 2502 747 2539 inveneram.

387 2567 484 2605 Hist.
520 2572 557 2611 4,
592 2570 643 2610 68
674 2569 820 2608 frustra
851 2568 1042 2620 vulgatam
1072 2571 1244 2618 leqiones
1280 2570 1459 2607 victrices
1495 2573 1607 2606 sexta
1645 2580 1693 2608 ac
1731 2570 1881 2608 decima
1918 2570 1983 2609 de-

277 2634 438 2674 fendere
470 2641 631 2674 conatus
663 2649 749 2675 sum
781 2649 908 2687 neque
940 2637 1207 2682 animadverti,
1239 2642 1410 2684 sextam,
1444 2647 1543 2686 quae
1574 2635 1662 2675 hist.
1698 2642 1741 2681 5,
1782 2642 1835 2680 14
1867 2643 1904 2675 et
1934 2641 1984 2679 15

278 2708 619 2747 commemoratur,
653 2705 782 2742 statim
814 2704 951 2742 eodem
983 2706 1109 2755 capite
1141 2717 1373 2744 occurrere:
1404 2709 1518 2742 sexta
1548 2715 1596 2742 ac
1627 2705 1778 2743 decima
1809 2716 1861 2743 ex
1887 2705 1985 2742 His-

274 2772 399 2819 pania
429 2772 591 2809 accitae.
650 2771 875 2822 Legendum
907 2776 966 2810 est
995 2773 1211 2817 undecima,
1245 2783 1480 2822 quamquam
1501 2783 1627 2822 usque
1648 2771 1791 2811 haereo
1821 2773 1861 2810 in
1890 2784 1984 2811 voce

275 2840 366 2889 uim,
398 2850 497 2889 quae
527 2839 568 2876 in
597 2838 771 2877 Mediceo
803 2843 862 2877 est
890 2844 980 2889 post
1009 2839 1239 2878 vocabulum
1269 2842 1461 2878 uictrices.

387 2905 484 2944 Hist.
509 2910 545 2949 4,
571 2911 622 2948 77
652 2905 796 2956 legitur
825 2907 865 2944 in
887 2906 1079 2946 Mediceo:
1106 2918 1209 2956 pars
1237 2908 1426 2946 montibus
1455 2908 1529 2945 alii
1548 2908 1620 2945 alii
1648 2908 1748 2944 riam
1771 2908 1871 2944 inler
1891 2908 1984 2945 Mo—

276 2974 496 3021 sellamque.
540 2972 708 3012 Orellius
741 2973 897 3023 quidem
930 2987 1016 3012 cum
1038 2974 1249 3013 Puteolano
1281 2975 1449 3013 alterum
1479 2976 1550 3013 alii
1578 2980 1710 3012 censet
1744 2986 1763 3011 0
1795 2973 1982 3024 dittogra-

278 3039 368 3092 phia
398 3045 528 3079 ortum
561 3052 665 3084 esse3
698 3041 863 3079 Iacobus
895 3053 941 3079 ex
972 3042 1105 3091 priore
1136 3044 1209 3080 alii
1235 3043 1327 3081 facit
1358 3043 1496 3088 abditi,
1536 3041 1639 3091 quod
1668 3046 1800 3079 tamen
1830 3041 1877 3080 ab
1908 3040 1983 3080 1100

277 3106 363 3144 1000
395 3106 564 3146 alienum
595 3120 681 3146 esse
711 3109 750 3146 in
781 3107 881 3146 libro
913 3120 1028 3159 quem
1061 3121 1179 3159 supra
1211 3109 1290 3147 dixi
1320 3122 1356 3160 p.
1393 3111 1471 3150 132
1502 3109 1648 3147 monui.
1700 3108 1794 3146 Mihi
1824 3108 1981 3159 quidem

278 3185 381 3212 nunc
412 3174 519 3212 valde
551 3174 697 3213 arridet
734 3175 836 3226 quod
867 3175 1041 3214 Ritterus
1079 3188 1166 3216 ann.
1208 3175 1333 3215 Rhen.
1365 3174 1523 3214 XXXIII
1556 3182 1593 3214 et
1630 3174 1785 3214 XXXIV
1823 3187 1859 3226 p.
1902 3178 1982 3218 123
