2330 3606
567 158 609 194 IN
639 156 905 193 SCRIPTORVM
935 155 1191 194 GRAECORVM
1216 157 1326 193 VITlS
1357 157 1578 193 HAVSERIT.
1850 152 1928 194 139

229 273 343 311 Arist.
367 270 615 322 pseudepigr.
649 282 685 320 p.
714 268 789 318 1⁰).
833 274 940 307 recto
972 273 1101 308 autem
1132 268 1209 307 talo
1240 273 1344 307 stant
1365 274 1493 308 cetera
1515 276 1753 320 argumenta,
1788 270 1928 320 quibus

230 338 492 378 Selmeiderus
522 337 546 376 l.
581 350 609 376 S.
643 350 679 388 p.
716 341 765 378 13
798 337 954 375 Suidam
986 338 1069 375 fere
1103 341 1225 375 totum
1257 348 1303 374 ex
1334 337 1526 388 llesychio
1564 338 1736 389 pendere
1774 338 1925 389 probat.

339 405 632 456 Hesychium
663 406 781 455 igitur
811 405 1045 444 Milesium
1086 405 1124 442 in
1163 404 1304 442 litteris
1335 404 1492 442 Graecis
1530 406 1689 444 unicum
1728 406 1809 444 sere
1841 406 1926 445 Sui-

229 474 299 512 dae
337 478 535 527 auctorem
581 485 666 511 esse
705 485 792 511 eum
831 478 937 511 extra
984 472 1233 511 dubitationis
1279 471 1399 509 aleam
1447 478 1484 509 et
1530 474 1749 511 testimonio
1788 473 1928 513 Suidae

228 543 349 594 ipsius
379 547 417 579 et
447 541 783 590 argumentatione
815 540 1117 579 Sclmeideriana
1148 540 1318 590 positum
1350 540 1418 583 sit,
1451 540 1525 577 iam
1548 545 1725 579 nostrum
1748 543 1822 579 erit
1853 547 1927 580 sta-

228 611 331 649 mina
370 609 617 652 tenuissima,
663 620 761 657 quae
800 609 942 659 passim
980 612 1129 646 servata
1168 612 1280 651 sunt,
1325 607 1567 645 contexendo
1613 613 1799 657 quantum
1846 611 1929 648 lieri

227 681 353 728 potest
401 681 594 714 texturam
635 675 815 725 Hesp-chii
854 676 1074 714 restituere.
1143 679 1260 724 atque
1298 674 1345 712 de
1384 674 1519 713 ordine
1559 676 1714 724 quidem
1761 689 1805 714 ex
1853 689 1928 727 quo

227 750 332 783 totus
361 743 459 782 liber
490 741 807 792 ὀνοματολόγος
839 744 1083 793 conscriptus
1114 744 1232 781 fuerit
1262 743 1485 780 coniectura
1507 743 1590 781 sieri
1617 749 1744 793 potest
1776 757 1821 782 ex
1844 758 1928 784 ver-

228 812 286 850 bis
316 810 381 851 καὶ
401 809 526 850 αὐτός
557 823 655 862 quae
686 810 918 860 aliquotiens
950 812 987 849 in
1020 810 1160 848 Suidae
1193 811 1280 848 vitis
1319 809 1486 848 adhibita
1526 810 1700 850 videmus
1731 816 1846 862 atque
1884 826 1929 851 eo

228 892 304 929 quo
336 879 436 917 dicta
467 884 557 917 sunt
586 878 670 917 loco
714 891 876 929 prorsus
908 878 1105 930 superflua
1145 883 1183 916 et
1213 877 1370 916 absona.
1433 890 1477 916 ea
1517 889 1591 927 qua
1630 880 1781 918 ratione
1817 880 1928 918 intel-

227 946 390 997 legenda
421 947 497 985 sint
527 948 610 997 ipse
641 946 755 984 docet
778 946 915 984 Suidas
947 960 975 984 s.
1002 959 1032 984 v,
1067 945 1243 985 Ἰοῦςτος
1264 944 1473 995 Τιβεριεὺς
1495 943 1696 995 ἐπαρχίας
1719 945 1931 987 Γαλιλαίας

227 1011 464 1063 ἑπεχείρηςε
493 1014 566 1062 μὲν
596 1013 675 1053 καὶ
703 1011 857 1053 αὐτὸς
884 1012 1110 1063 Ἰουδαϊκὴν
1138 1011 1321 1062 ἱςτορίαν
1344 1011 1556 1061 ςυντάὲαι,
1589 1013 1655 1052 ubi
1684 1015 1759 1052 iam
1790 1015 1929 1053 Ruste-

228 1094 295 1120 rus
325 1081 516 1120 intellexit
546 1081 660 1120 verba
692 1080 757 1120 καὶ
779 1079 904 1120 αὐτός
935 1086 976 1119 ut
1007 1094 1109 1119 nunc
1140 1082 1325 1131 leguntur
1357 1094 1643 1132 supervacanea
1675 1082 1930 1122 dormitantes

229 1162 248 1187 a
288 1149 405 1187 Suida
452 1150 643 1200 exscripta
690 1163 774 1187 esse
821 1162 865 1187 ex
910 1149 1131 1200 Sophronio
1171 1150 1233 1187 cui
1279 1154 1398 1187 totam
1436 1148 1604 1199 glossam
1649 1149 1783 1194 debet,
1829 1151 1932 1201 apud

229 1229 343 1266 quem
375 1216 540 1267 Iosepho
580 1216 765 1255 historiae
796 1217 980 1264 Iudaicae
1010 1218 1191 1267 scriptori
1230 1216 1359 1255 Iustus
1398 1216 1459 1254 hic
1490 1217 1731 1256 Tiberiensis
1768 1217 1927 1257 subiun-

227 1286 330 1334 gitur
361 1286 490 1335 itaque
522 1296 610 1323 vere
643 1289 680 1322 et
710 1290 797 1335 apte
830 1284 903 1322 dici
934 1286 1063 1335 potuit
1093 1282 1331 1334 ἐπεχείρηςε
1360 1284 1432 1333 μὲν
1454 1283 1519 1324 καὶ
1551 1282 1687 1324 αὐτός.
1747 1285 1792 1323 ad
1825 1287 1928 1325 simi-

228 1352 301 1391 lem
335 1363 427 1402 ergo
461 1364 614 1390 causam
647 1352 860 1390 revocanda
894 1359 984 1390 sunt
1016 1364 1114 1402 quae
1144 1352 1329 1402 leguntur
1362 1365 1390 1390 s.
1424 1364 1456 1390 v,
1491 1351 1692 1392 Ἐπίνικος
1715 1384 1721 1392 .
1745 1384 1752 1392 .
1774 1352 1838 1393 καὶ
1859 1352 1930 1393 αὐ-

226 1418 297 1459 τὸς
319 1417 516 1467 κωμικόςἼ
547 1432 575 1457 s.
602 1432 633 1457 v.
658 1418 869 1467 Πολέμων
892 1418 915 1459 ὁ
937 1418 1145 1469 νεώτερος
1169 1450 1176 1457 .
1200 1451 1206 1458 .
1228 1418 1380 1467 γέγονε
1402 1418 1467 1458 καὶ
1489 1418 1615 1459 αὐτὸς
1636 1419 1703 1460 ἐπὶ
1727 1419 1930 1470 Κομόδου7

227 1500 255 1525 s.
280 1499 312 1525 v.
346 1485 564 1536 Ὑπερίδης
587 1519 593 1525 .
616 1519 622 1525 .
647 1485 825 1539 ἀνῃρέθη
849 1487 894 1526 δὲ
915 1485 979 1526 καὶ
1001 1485 1127 1527 αὐτός
1152 1486 1236 1527 ὑπὸ
1258 1486 1550 1537 Ἀντιπάτρουῇ
1583 1500 1681 1538 quae
1713 1490 1841 1527 omnia
1870 1491 1929 1528 in-

227 1555 350 1592 dicem
397 1554 597 1593 hominum
642 1554 904 1593 litteratorum
943 1554 1123 1594 redolere
1168 1556 1242 1593 iam
1281 1555 1546 1607 Bernhardyio
1585 1556 1607 1595 l.
1643 1570 1671 1595 s.
1713 1569 1749 1607 p.
1784 1555 1928 1607 L11114')

225 1623 349 1660 visum
381 1628 439 1660 est
469 1628 505 1660 et
534 1635 578 1661 ex
612 1623 882 1673 onomatologo
914 1622 1158 1674 Hesychiano
1191 1623 1348 1661 fluxisse
1379 1635 1482 1661 nunc
1514 1637 1586 1674 pro
1619 1629 1726 1662 certo
1757 1624 1846 1662 licet
1877 1625 1929 1663 af-

225 1690 392 1728 firmare.
455 1696 569 1740 atque
602 1692 770 1741 eisquae
802 1704 829 1729 s.
856 1704 886 1729 v.
911 1689 1121 1739 Πολέμων
1153 1697 1191 1729 et
1221 1704 1249 1729 s.
1275 1704 1306 1729 v.
1339 1689 1560 1741 Ὑπερίδης
1590 1692 1772 1742 leguntur
1803 1694 1930 1743 argui-

227 1763 307 1801 tur,
346 1758 386 1795 in
428 1770 471 1796 eo
510 1758 781 1808 onomatologo
821 1758 994 1809 singulos
1033 1758 1210 1797 homines
1248 1759 1457 1810 dispositos
1494 1760 1613 1798 fuisse
1653 1772 1698 1798 ex
1743 1762 1932 1812 temporis

225 1825 396 1867 ratione;
438 1824 688 1863 Polemonem
731 1831 859 1864 autem
905 1827 1114 1877 praeivisse
1154 1827 1374 1865 censendus
1413 1828 1487 1866 erit
1523 1827 1778 1878 probabiliter
1817 1829 1927 1880 Poly-

226 1892 368 1931 deuces
400 1893 465 1941 qui
496 1894 587 1931 vixit
619 1894 830 1931 Conunodo
861 1895 1118 1945 imperatore,
1159 1894 1393 1945 Hyperidem
1425 1894 1708 1934 Demosthenes
1748 1897 1813 1945 qui
1844 1895 1930 1936 ἐτε-

226 1958 393 2009 λεύτηςε
422 1992 459 1998 ..
487 1959 554 1999 διὰ
574 1959 649 2001 τὸν
681 1960 907 2001 Μακεδόνα
934 1960 1206 2011 Ἀντίπατρον
1240 1962 1400 2013 (Suidas
1432 1976 1460 2001 s.
1486 1961 1561 2011 v:);
1595 1963 1643 2001 de
1673 1964 1833 2014 Epinico
1865 1966 1930 2015 qui

225 2029 359 2066 floruit
394 2029 496 2066 inter
535 2028 591 2065 01.
626 2029 930 2067 (lxx—-CXXX
964 2030 1030 2080 (rs.
1065 2029 1243 2067 Mcinelte
1274 2029 1361 2068 hist.
1398 2043 1494 2068 com.
1530 2031 1594 2068 Gr.
1628 2043 1665 2081 p.
1700 2030 1800 2080 481)
1834 2034 1930 2070 certi

227 2096 435 2145 quicquam
461 2096 585 2133 conici
605 2097 749 2145 nequit.
785 2096 828 2134 ad
852 2096 955 2135 huuc
981 2098 1098 2146 igitur
1125 2097 1303 2135 ordinem
1325 2097 1642 2147 chronologicum
1668 2099 1707 2136 in
1730 2098 1828 2136 libro
1854 2100 1927 2137 He—

224 2163 344 2214 sychii
370 2168 565 2201 servatum
592 2164 706 2201 etiam
732 2164 818 2202 talia
842 2164 1063 2208 retulerim,
1091 2178 1188 2215 quae
1215 2164 1274 2203 hic
1296 2164 1372 2203 illic
1396 2166 1435 2203 in
1453 2165 1593 2203 Suidae
1619 2165 1757 2215 glossis
1783 2166 1927 2205 littera-

224 2231 273 2268 tis
301 2232 443 2281 scripta
474 2236 581 2274 sunt,
619 2231 744 2281 qualia
774 2237 904 2269 extant
939 2246 967 2270 s.
995 2244 1026 2270 v.
1060 2230 1262 2282 Ἀρχίβιος
1291 2231 1557 2281 Πτολεμαίου
1584 2265 1591 2272 .
1617 2265 1624 2271 .
1652 2234 1930 2283 γραμματικὸς

225 2299 324 2338 τῶν
351 2297 444 2338 ἕως
466 2297 727 2347 Τραϊανοῦ
757 2300 845 2338 τοῦ
869 2298 1117 2349 Καίςαρος
1147 2298 1199 2340 ἐν
1220 2299 1377 2353 Ῥώμῃ
1400 2300 1791 2342 παιδευςάντων
1823 2304 1927 2341 simi-

224 2366 273 2404 lia
296 2365 352 2403 vel
376 2380 404 2404 s.
431 2378 460 2403 v.
481 2364 786 2416 Ἐπαφρόδιτος
810 2399 816 2406 .
838 2399 844 2405 .
868 2365 934 2406 ἐπὶ
958 2366 1156 2417 Νέρωνος
1187 2367 1252 2407 καὶ
1280 2367 1395 2418 μέχρι
1418 2368 1568 2419 Νέρβα,
1592 2369 1699 2409 καθ’
1726 2368 1788 2410 ὃν
1818 2369 1928 2420 χρό-

225 2446 316 2473 νον
345 2432 409 2473 καὶ
429 2432 691 2482 Πτολεμαῖος
717 2434 740 2474 ὁ
761 2433 1013 2484 (Ηφαιςτίων
1042 2434 1092 2485 ἦν
1123 2435 1187 2475 καὶ
1218 2434 1367 2475 ἄλλοι
1397 2435 1572 2486 ςυχνοὶ
1600 2438 1703 2478 τῶν
1738 2436 1928 2487 ὀνομα-

226 2503 352 2540 ςτών
378 2500 431 2540 ἐν
453 2499 659 2551 παιδείᾳ
680 2503 905 2552 pariterque
927 2503 998 2542 alia
1020 2504 1152 2542 multa.
1186 2508 1388 2554 praeterea
1409 2504 1503 2543 haec
1526 2506 1653 2544 onmia
1677 2507 1832 2555 vestigia
1852 2520 1926 2544 non

224 2570 456 2620 permittunt
477 2568 602 2607 solum
635 2570 701 2607 sed
734 2575 876 2620 cogunt
897 2583 1040 2621 paene,
1075 2576 1116 2610 ut
1147 2572 1282 2610 credas
1304 2585 1381 2610 uon
1405 2585 1477 2611 una
1501 2575 1602 2611 serie
1624 2573 1928 2624 comprehensos

226 2649 309 2675 esse
342 2649 477 2674 omnes
509 2638 574 2685 qui
606 2637 744 2675 litteris
776 2637 1031 2676 inclaruerint
1062 2639 1239 2678 homines
1261 2639 1327 2677 sed
1360 2641 1397 2677 in
1430 2640 1579 2679 diversa
1610 2641 1828 2679 litterarum
1861 2654 1923 2689 ge-

225 2716 319 2742 nera
365 2704 605 2742 distributos.
683 2716 850 2754 namque
896 2706 1197 2745 Demosthenem
1250 2712 1446 2745 oratorem
1491 2709 1666 2758 sequitur
1713 2708 1926 2759 Hyperides

225 2776 377 2814 orator,
417 2770 676 2822 l'olydeucem
722 2772 920 2811 rhetorem
961 2774 1120 2812 Polemo
1168 2774 1321 2819 rhetor,
1369 2775 1484 2813 alium
1534 2778 1724 2814 comicum
1772 2780 1924 2825 poetam

224 2839 407 2889 Epinicus
428 2837 493 2877 καὶ
514 2837 640 2878 αὐτὸς
662 2838 858 2888 κωμικός,
890 2843 1233 2889 graunnaticorum
1266 2844 1331 2892 qui
1354 2855 1477 2892 usque
1508 2843 1554 2881 ad
1577 2844 1730 2881 Traiani
1762 2846 1924 2880 aetatem

226 2905 370 2944 Romae
408 2905 559 2944 scholas
598 2906 820 2945 habuerunt
858 2909 975 2945 t'uissc
1015 2909 1156 2947 dicitur
1194 2909 1416 2953 archibius,
1460 2910 1710 2960 Epaphroditi
1757 2909 1923 2959 denique

226 2973 465 3021 grammatici
503 2972 675 3023 aequalis
714 2973 918 3012 exhibetur
958 2974 1203 3015 Ptolemaeus
1241 2978 1538 3029 Hephaestionis
1578 2978 1599 3014 Γ.
1634 2977 1920 3026 grammaticus.

315 3138 344 3179 ⁴)
371 3150 584 3182 quamquam
610 3140 671 3172 ille
698 3141 740 3171 de
766 3140 891 3172 tabula
917 3152 959 3172 ex
985 3141 1185 3174 litterarum
1211 3144 1334 3175 ordine
1353 3143 1496 3182 digesta
1513 3143 1653 3172 videtur
1680 3143 1860 3180 cogitasse.
1889 3148 1921 3174 ot

228 3194 252 3215 s.
280 3195 310 3215 v.
337 3183 522 3225 Πολέμων
545 3186 657 3219 verba
684 3185 855 3225 ςοφιςτὴς
882 3186 939 3218 καὶ
964 3186 1077 3219 αὐτὸς
1105 3187 1267 3229 copulari
1292 3198 1477 3230 perperam
1505 3187 1619 3220 iussit.
