2330 3606
504 149 543 185 H.
575 149 614 183 A.
645 147 777 183 KOCH:
810 146 1106 183 CONIECTANEA
1135 146 1177 181 IN
1206 144 1374 182 POETAS
1403 144 1598 181 LATINOS.
1821 140 1903 181 329

201 260 366 312 exprimi
410 271 570 298 necesse
610 263 688 303 est,
729 257 832 308 quod
870 262 978 296 recte
1013 256 1206 303 intellexit
1250 255 1424 306 Scaliger
1462 255 1669 294 scribendo
1709 256 1902 303 circoque,

199 327 314 366 modo
346 339 394 365 116
425 326 588 365 verbum
619 325 852 369 obsoletum,
884 330 926 363 ut
958 324 1068 369 solet,
1100 323 1308 362 intulisset.
1361 324 1497 374 Itaque
1520 323 1755 362 scribemus:
1788 334 1904 361 ser-

198 407 348 444 voque
376 395 558 433 sonantia
585 394 764 443 lymphis.
825 391 943 431 Paulo
973 397 1063 444 post
1093 404 1125 430 v,
1160 395 1232 434 40:

634 486 685 522 Et
704 496 909 531 numquam
931 485 981 521 ad
1000 489 1112 520 natas
1131 485 1245 519 irrita
1266 484 1340 519 tela
1358 482 1481 530 feras,

198 574 266 613 ubi
294 574 326 613 N
357 575 528 612 aduatas
557 573 691 617 hahet,
724 574 867 611 iterum
899 577 941 611 ut
972 576 1016 617 3,
1049 575 1122 616 32,
1155 574 1206 613 23
1244 572 1284 610 in
1315 571 1476 610 vocibus
1500 572 1680 620 pervenit
1705 571 1761 609 ad
1787 582 1905 609 aures

197 641 420 681 maluerunt
459 641 630 679 editores
668 642 911 679 recentiores
949 641 988 678 in
1027 639 1098 678 alia
1135 641 1264 678 onmia
1302 639 1409 677 abire
1441 650 1557 688 quam
1587 637 1807 677 facillimam
1840 650 1901 675 ve-

195 710 468 760 rissimamque
499 707 686 746 Italorum
718 708 1030 747 emendationem
1060 711 1208 745 vastam
1239 720 1259 746 a
1292 706 1512 745 Schradero
1545 705 1755 744 emendatt.
1788 718 1825 756 p.
1850 709 1899 748 91

197 776 507 815 commendatam
537 776 659 825 sequi.

252 904 291 943 5,
316 904 375 943 11,
397 905 462 938 23:
496 902 674 950 Sisyphe,
697 901 791 937 mole
812 911 939 944 vaces,
963 905 1116 937 taceant
1135 900 1284 937 Ixionis
1304 901 1430 943 orbes,

579 970 724 1005 Fallax
747 969 928 1005 Tantaleo
948 970 1163 1015 corripiare
1183 970 1321 1015 liquor.

307 1058 361 1096 De
400 1057 572 1096 inaudita
610 1058 779 1096 nominis
815 1058 967 1108 proprii
1005 1058 1129 1096 forma
1165 1057 1376 1095 Tantaleus
1405 1069 1426 1095 a
1455 1056 1549 1094 viris
1580 1055 1814 1094 doctissimis
1844 1056 1901 1093 in-

195 1125 418 1164 felicissimo
453 1126 632 1164 acumine
663 1125 823 1164 defensa
862 1137 908 1163 eo
938 1126 1068 1164 minus
1099 1125 1271 1175 cogitare
1301 1124 1402 1168 licet,
1437 1123 1539 1173 quod
1572 1124 1760 1162 adiectivo
1795 1123 1903 1161 Tan-

194 1196 318 1232 taleus
357 1193 458 1232 idem
490 1193 721 1244 Propertius
751 1194 791 1231 in
821 1205 865 1232 re
897 1193 1012 1231 simili
1042 1205 1138 1231 usus
1169 1196 1228 1231 est
1257 1195 1301 1238 2,
1326 1196 1368 1236 1,
1394 1195 1444 1234 65
1481 1193 1553 1230 noc
1586 1193 1622 1229 si
1656 1193 1742 1239 quis
1772 1192 1903 1229 vitium

188 1262 334 1310 poterit
360 1262 457 1299 milii
483 1261 648 1303 demere,
680 1263 783 1298 solus
817 1260 1006 1299 Tantalea
1026 1262 1173 1309 polerit
1200 1271 1368 1308 carpere
1393 1271 1511 1308 poma
1538 1271 1670 1297 manu.
1720 1258 1776 1297 lta
1799 1259 1903 1296 enim

194 1327 310 1372 haec,
356 1341 435 1366 non
465 1329 627 1366 tradere
645 1339 764 1376 poma
793 1339 914 1366 manu
944 1328 1149 1367 scribenda
1187 1340 1274 1366 esse
1304 1332 1460 1378 praeter
1497 1328 1737 1366 sententiam
1761 1326 1903 1364 docere

191 1400 323 1446 potest
353 1395 461 1434 locus
493 1395 701 1434 Ovidianus
733 1397 827 1434 artis
858 1408 931 1434 am.
958 1400 994 1440 3,
1028 1399 1093 1439 61,
1128 1395 1193 1434 uhi
1225 1395 1346 1434 codex
1378 1394 1496 1434 habet
1525 1396 1627 1433 Dum
1651 1396 1742 1432 licet
1769 1400 1805 1432 et
1833 1405 1902 1432 ve-

191 1475 256 1502 ros
282 1465 399 1501 etiam
425 1475 518 1501 num
547 1464 723 1502 reciditis
748 1474 874 1501 annos
902 1476 923 1502 a
944 1463 1114 1502 Luciano
1137 1462 1324 1502 Muellero
1356 1464 1405 1502 ita
1440 1462 1686 1501 emendatus:
1721 1462 1822 1501 Dum
1849 1463 1903 1499 li—

190 1536 252 1569 eet
278 1536 315 1569 et
341 1541 452 1569 veros
479 1532 596 1569 etiam
619 1542 725 1570 nune
752 1533 918 1579 carpitis
948 1542 1084 1570 annos.
1134 1531 1269 1581 Itaque
1292 1531 1503 1570 assentirer
1525 1533 1669 1569 Aurato
1692 1529 1899 1568 scribenti:

191 1600 341 1637 Fallax
372 1598 557 1637 Tantaleo
584 1601 786 1648 corripere
816 1610 884 1637 ore
912 1600 1058 1648 liquor,
1096 1600 1170 1637 11151
1209 1604 1248 1637 et
1287 1598 1499 1648 aequalitas
1529 1598 1715 1637 orationis
1747 1596 1901 1635 turbata

193 1666 374 1717 (iudicet,
405 1667 622 1713 assideant,
653 1678 783 1713 vaces,
815 1672 987 1712 taceant,
1012 1665 1134 1717 petat)
1167 1671 1205 1705 et
1233 1667 1519 1717 ingratissimus
1548 1678 1805 1704 numerorum
1837 1678 1897 1703 so-

190 1746 264 1772 nus
294 1733 399 1773 aliud
438 1733 560 1772 latere
598 1734 791 1772 suaderet.
855 1734 1068 1785 Scripsisse
1106 1740 1222 1786 poeta
1262 1734 1432 1773 ridetur:
1476 1735 1681 1772 Gutture
1716 1733 1902 1772 Tantaleo

190 1803 412 1850 corripiare
452 1803 605 1850 liquor,·
643 1803 689 1840 cf.
731 1801 798 1841 Ov.
840 1803 925 1841 fast..
969 1806 1013 1847 6,
1057 1805 1134 1845 131
1176 1808 1265 1840 sunt
1298 1803 1441 1840 avidae
1477 1804 1652 1840 volueres
1689 1813 1764 1840 non
1802 1813 1901 1850 qucte

188 1870 354 1907 Phineia
375 1871 514 1907 mensis
537 1870 702 1908 Guttura
724 1870 988 1920 fraudabant,
1018 1871 1089 1908 sed
1113 1882 1239 1917 {senus
1263 1871 1355 1909 inde
1383 1871 1568 1915 t7·alzunt,·
1599 1869 1665 1909 Ov.
1699 1882 1795 1908 rem.
1821 1873 1901 1912 536

188 1942 344 1984 qutture
378 1937 453 1983 fae
488 1939 607 1985 pleno
642 1945 796 1987 sumpta
830 1938 1026 1976 redundet
1053 1949 1183 1986 aqua,¹
1222 1937 1363 1976 Culicis
1395 1941 1474 1980 239
1506 1940 1574 1976 via:
1606 1939 1763 1976 ultimus
1793 1939 1904 1975 aneni

189 2005 316 2042 Extat
343 2009 549 2043 nectareas
581 2006 710 2044 di‘vum
740 2007 809 2054 qui
826 2007 1007 2054 prodidit
1034 2017 1145 2044 escas
1176 2006 1338 2045 Gutture
1368 2006 1417 2043 ab
1445 2007 1576 2044 arenti
1606 2007 1788 2044 revolutis
1810 2008 1897 2053 flu-

188 2073 304 2110 minis
335 2073 463 2110 undis.
524 2073 648 2124 (Haec
687 2073 791 2111 enim
829 2079 935 2112 recte
973 2074 1026 2113 ita
1057 2073 1286 2112 emendasse
1316 2074 1509 2126 Heynium
1539 2074 1675 2124 fugere
1715 2086 1792 2111 non
1831 2073 1897 2111 de-

189 2139 306 2179 bebat
335 2140 593 2180 Ribbeckiurn
625 2153 724 2180 mus.
759 2140 870 2179 rhen.
908 2144 957 2185 18
988 2154 1025 2192 p.
1062 2139 1168 2191 107.)

780 2391 883 2437 111.
955 2392 1020 2437 In
1065 2390 1316 2437 Ovidium.

246 2538 319 2573 Am.
346 2539 381 2577 l,
403 2539 442 2578 8,
464 2541 529 2573 57;
560 2538 680 2578 Ε666,
712 2539 802 2584 quid
820 2540 889 2574 iste
911 2542 998 2574 tuus
1016 2542 1177 2585 praeter
1197 2550 1293 2574 nova
1314 2540 1487 2574 carmina
1508 2542 1612 2574 vates

644 2605 794 2641 Donat?
829 2608 1010 2642 amatoris
1029 2607 1130 2642 milia
1150 2608 1268 2643 multa
1288 2607 1400 2653 leges.

299 2692 343 2731 In
374 2692 445 2730 hac
475 2692 587 2732 lenae
618 2694 814 2739 oratione,
848 2706 923 2744 qua
947 2694 1118 2745 puellam
1150 2700 1303 2739 monet,
1345 2707 1394 2733 116
1424 2699 1581 2745 poetam
1613 2693 1694 2733 sola
1725 2695 1896 2733 carmina

186 2759 418 2811 largientem
450 2760 557 2798 diviti
587 2760 828 2800 adulescenti
857 2762 1066 2812 praeferat,
1100 2762 1309 2801 admodum
1341 2762 1503 2801 offendit
1532 2763 1732 2801 amatoris.
1782 2762 1893 2800 Ama-

189 2832 249 2865 tor
279 2840 357 2866 non
389 2826 516 2865 solum
547 2827 652 2866 dives
683 2827 748 2866 ille
779 2828 1027 2873 adulescens,
1069 2830 1138 2868 sed
1178 2831 1292 2869 etiam
1328 2835 1445 2882 poeta
1477 2836 1559 2869 erat
1590 2835 1628 2868 et
1658 2831 1895 2879 quicumque

188 2907 359 2933 amorem
400 2894 554 2945 puellae
592 2895 870 2946 profitebatur,
918 2901 961 2935 ut
999 2898 1127 2935 statim
1171 2897 1217 2936 de
1256 2897 1377 2936 nobili
1413 2899 1553 2936 iuvene
1591 2909 1668 2935 11011
1706 2897 1835 2934 minus
1875 2908 1896 2934 a

187 2960 315 3011 puella
351 2961 592 3012 repudiando
631 2975 663 3001 v,
698 2966 749 3005 66
788 2963 973 3013 legimus:
1015 2966 1103 3003 tolle
1133 2969 1214 3003 tuos
1252 2970 1376 3004 tecum
1405 2976 1563 3014 pauper
1603 2971 1756 3001 amator
1790 2974 1893 3002 (tvos.

189 3027 259 3066 Hic
290 3040 378 3067 cum
409 3031 627 3069 accuratior
660 3031 761 3074 eius,
805 3031 871 3080 qui
907 3034 1046 3081 poetae
1085 3032 1260 3071 aemulus
1293 3033 1457 3076 exstitit,
1497 3031 1723 3081 significatio
1755 3043 1891 3069 neces-

189 3095 290 3132 saria
319 3096 387 3140 sit,
419 3097 658 3136 scribemus:
699 3104 747 3136 at
774 3099 821 3135 al
831 3099 989 3136 terius
1017 3100 1125 3137 milia
1154 3102 1276 3139 multa
1306 3103 1419 3147 leg‘es.
1480 3099 1533 3137 De
1564 3097 1755 3148 particula
1786 3102 1827 3136 at
1854 3098 1894 3136 in

190 3161 273 3200 eius
302 3162 408 3201 modi
439 3166 724 3203 sententiarum
755 3177 857 3203 nexu
890 3166 1030 3204 usitata
1069 3167 1116 3205 cf.
1151 3179 1223 3206 am.
1260 3172 1303 3212 1,
1337 3171 1380 3210 9,
1414 3169 1437 3209 8
1474 3167 1540 3204 ille
1571 3164 1683 3212 fores
1713 3166 1894 3204 dominae
