2330 3606
657 154 695 190 G.
725 154 874 190 THILO:
905 152 1232 190 EMENDATIONES
1263 152 1471 188 SILIANAE.
1830 145 1912 187 409

212 267 357 306 dictum
389 278 475 305 esse
505 269 632 303 statuo
664 270 701 303 et
729 264 903 315 pendere
934 277 954 302 a
983 264 1207 304 eerlccrerit,
1239 263 1398 301 vocibus
1428 267 1557 301 autem
1580 273 1679 312 quae
1700 266 1791 301 sunt
1810 262 1913 300 inter

206 335 319 382 fulvo
350 339 387 372 et
417 335 542 372 vultus
578 332 732 383 plenam
775 333 967 370 contineri
1005 331 1250 370 sententiam.
1313 341 1479 379 quacum
1520 342 1607 368 cum
1649 342 1692 368 ea
1723 341 1821 379 quae
1852 341 1912 367 se-

212 406 354 441 cuntur
385 413 462 439 non
494 400 750 443 cohaereant,
782 404 871 450 post
902 402 981 442 657
1012 411 1134 437 unum
1166 410 1321 436 versum
1350 397 1597 436 intercidisse
1637 398 1836 447 suspicor,
1874 397 1913 434 in

211 481 287 519 quo
318 468 451 507 aulaea
482 468 722 520 Syracusana
755 470 1057 505 commemorata
1095 466 1259 509 suerint,
1298 464 1373 503 illis
1411 464 1674 516 splendidiora
1713 476 1811 514 quae
1842 465 1913 503 Ba-

210 536 326 588 bylon
370 536 494 587 Tyros
535 535 630 574 aliae
667 533 786 574 urbes
824 539 987 585 propter
1034 532 1168 572 aulaea
1214 533 1420 570 artificiose
1469 536 1651 570 contexta
1697 531 1915 571 celebratae

211 604 462 642 confecerint.

321 738 386 776 XV
417 741 496 780 463
527 748 610 788 sqq.
670 735 774 775 Laeli
805 737 924 774 virtus
956 735 1178 774 celebratur
1209 740 1568 786 cnumeranturque
1599 736 1665 787 qui
1696 735 1742 773 ab
1775 748 1820 773 eo
1852 747 1915 773 oc-

211 807 279 845 cisi
310 810 412 844 sunt.

410 913 499 945 tunc
522 909 683 951 Alabim,
707 907 885 943 Murrum
907 911 1018 953 atque
1040 906 1193 943 Dracen
1214 907 1360 942 demisit
1379 908 1430 942 (ccl
1450 907 1618 949 umbras,
1741 909 1806 941 467

406 976 570 1023 femineo
591 978 754 1012 clamore
775 975 929 1011 Dracen
951 980 1123 1010 extrema
1144 980 1352 1022 royantem.

210 1089 323 1115 voces
369 1089 468 1127 quae
517 1081 608 1115 sunt
650 1081 827 1114 extrema
869 1080 1071 1123 rogantem
1116 1075 1329 1125 Rupertius
1375 1074 1493 1112 voluit
1547 1086 1630 1112 esse
1686 1078 1918 1117 extremum,

209 1148 408 1195 postremo
440 1142 499 1181 vel
529 1145 658 1194 potius
691 1142 1029 1181 vehementissime
1059 1148 1274 1193 rogantem.
1319 1146 1357 1180 at
1387 1143 1493 1192 prior
1526 1141 1730 1192 explicatio
1761 1141 1920 1192 languet

212 1223 327 1261 quam
371 1212 560 1254 maxime,
609 1210 722 1248 alteri
762 1211 981 1260 refragatur
1018 1209 1198 1249 latinitas.
1267 1210 1305 1248 id
1344 1209 1446 1261 quod
1485 1209 1668 1248 Bothium
1706 1221 1785 1247 non
1824 1209 1921 1259 fugit

211 1280 277 1330 qui
306 1284 484 1317 extrema
514 1283 718 1326 neqmztem
750 1278 915 1316 coniecit
947 1282 984 1315 et
1014 1278 1146 1315 vertit:
1180 1277 1327 1316 Drakcs
1357 1277 1533 1315 wiewohl
1566 1290 1608 1315 er
1639 1278 1708 1315 mit
1739 1276 1917 1315 Weiber-

210 1345 352 1396 geheul
383 1346 471 1384 dem
504 1345 587 1384 Tod
628 1345 707 1384 sich
751 1346 989 1394 verweigert.
1053 1356 1152 1394 quae
1191 1346 1414 1383 coniectura
1446 1357 1560 1396 quam
1592 1345 1722 1395 inepta
1754 1345 1803 1382 sit
1842 1356 1919 1382 non

211 1418 270 1452 est
301 1426 370 1452 cur
401 1413 533 1452 multis
565 1412 692 1452 verbis
724 1424 926 1463 exponam.
969 1416 1063 1462 puto
1097 1412 1233 1451 Silium
1265 1413 1468 1463 scripsisse
1499 1417 1676 1450 ecclrema
1705 1417 1920 1451 moranlem

208 1482 232 1520 i.
268 1494 299 1519 e.
341 1482 488 1531 ignaxis
528 1485 566 1519 et
603 1479 862 1518 muliebribus
899 1479 1086 1530 precibus
1130 1484 1297 1519 mortem
1343 1480 1618 1531 deprecantem
1666 1485 1703 1518 et
1743 1484 1919 1519 avertere

209 1548 443 1587 studentem.

321 1683 388 1722 XV
419 1686 496 1726 601
530 1695 612 1735 sqq.
675 1683 792 1722 Silius
823 1682 1107 1722 Hasdrubalem
1139 1695 1159 1721 e
1196 1684 1312 1721 variis
1349 1683 1503 1722 indiciis
1543 1682 1747 1734 collegisse
1783 1695 1917 1722 narra-

210 1752 280 1796 vit,
313 1750 515 1790 Claudium
546 1751 742 1790 Neronem
775 1764 863 1789 cum
894 1751 1000 1789 Livio
1033 1751 1178 1801 collega
1213 1756 1337 1789 castra
1370 1753 1550 1791 iunxisse.

531 1856 702 1901 pulveris
723 1856 761 1890 in
782 1855 910 1901 clipeis
930 1856 1083 1902 vestigia
1106 1856 1183 1890 visa
1205 1856 1419 1898 movebant,
1715 1857 1780 1890 603

533 1927 568 1958 el
583 1924 747 1968 properi
765 1924 910 1969 sianum
932 1924 1140 1965 adcursus,
1163 1925 1387 1969 sonipesque
1410 1924 1552 1969 virique

534 1991 726 2026 substricti
744 2001 903 2036 eorpus,
927 1991 981 2025 bis
1000 1991 1146 2026 clarum
1169 1991 1302 2026 bucina
1324 1992 1482 2037 siquam.

527 2062 734 2104 praeterea
753 2060 899 2105 yemino
915 2059 1129 2105 prodebant
1148 2060 1276 2094 iuncta
1298 2060 1476 2105 mayz'slro

534 2130 663 2161 caslra
685 2127 777 2173 regi.

210 2226 250 2263 in
280 2235 394 2262 versu
427 2227 507 2266 604
541 2227 705 2274 properi
741 2224 831 2264 olim
872 2238 890 2263 a
922 2225 1049 2264 Modio
1090 2238 1109 2263 e
1142 2225 1364 2264 Coloniensi
1402 2230 1538 2276 poetae
1578 2226 1801 2264 restitutum
1841 2231 1919 2269 est;

210 2293 250 2330 in
272 2292 453 2330 Vaticano
477 2295 583 2335 1652
600 2304 772 2341 propere
794 2293 956 2343 legitur,
990 2293 1092 2343 quod
1116 2293 1307 2331 editiones
1332 2294 1369 2331 in
1395 2293 1500 2331 Italia
1523 2298 1677 2331 curatas
1704 2294 1918 2344 occupavit.

211 2361 250 2398 in
279 2371 395 2398 versu
426 2361 491 2410 qui
522 2361 700 2409 sequitur
730 2361 832 2399 idem
864 2362 1071 2399 Vaticanus
1103 2373 1190 2399 cum
1221 2361 1399 2411 Rupertii
1431 2362 1623 2411 scriptura
1656 2372 1770 2410 quam
1803 2373 1920 2411 supra

212 2427 301 2465 dedi
332 2427 544 2471 consentit,
577 2428 615 2465 in
643 2427 865 2466 Coloniensi
895 2429 1079 2466 Heinsius
1110 2429 1229 2466 fuisse
1262 2433 1425 2467 testatus
1457 2434 1514 2467 est
1543 2430 1668 2466 stricti
1694 2440 1838 2477 corpus
1867 2429 1922 2466 bis·

211 2497 364 2533 clarum
391 2505 540 2542 quoque
565 2496 729 2533 buccina
760 2498 931 2544 siquam,
966 2508 985 2533 e
1018 2507 1093 2546 quo
1125 2496 1208 2546 ipse
1231 2495 1362 2534 elicuit
1382 2497 1579 2534 substricta·
1606 2507 1750 2544 corpus
1769 2498 1922 2534 clarum

212 2573 362 2611 quoque
390 2562 555 2600 buccina
584 2565 748 2610 siynum.
809 2563 877 2601 sed
908 2564 964 2601 bzs
994 2563 1131 2602 deesse
1163 2565 1310 2613 nequit.
1379 2568 1583 2614 praeterea
1621 2555 1770 2612 qquoe
1808 2562 1918 2601 Colo-

212 2630 388 2668 niensem
419 2628 562 2667 librum
595 2629 817 2668 exhibuisse
849 2643 936 2669 cum
968 2643 1104 2681 parum
1137 2630 1341 2682 probabile
1373 2632 1440 2676 sit,
1480 2633 1519 2669 in
1557 2643 1673 2669 versu
1705 2631 1919 2681 corruptis-

212 2698 309 2736 simo
343 2696 584 2734 emendando
616 2696 695 2734 sola
729 2698 901 2736 Vaticani
932 2700 1118 2737 memoria
1152 2700 1208 2737 uti
1239 2698 1442 2737 dehemus.
1485 2699 1673 2749 Rupertio
1705 2702 1834 2736 autem
1857 2698 1921 2746 qui

213 2763 577 2803 Drakenborchium
610 2769 767 2802 secutus
800 2769 857 2802 est
887 2764 1073 2803 adsentiri
1103 2778 1179 2804 non
1211 2779 1391 2817 possum,
1426 2768 1513 2816 quia
1535 2777 1663 2815 neque
1685 2766 1825 2803 bucina
1857 2777 1920 2802 vo-

213 2844 297 2870 cem
330 2830 459 2869 verbis
491 2841 589 2880 quae
621 2835 712 2869 sunt
741 2832 797 2869 bis
824 2834 976 2870 clarum
1007 2834 1158 2880 sianum
1196 2846 1266 2884 per
1297 2834 1580 2884 adpositionem
1619 2838 1774 2883 poetam
1814 2831 1919 2869 addi-

213 2898 316 2937 disse
346 2903 462 2950 puto,
496 2902 534 2936 et
563 2899 753 2936 sententia
792 2911 890 2948 quae
928 2901 1106 2949 sequitur
1145 2900 1320 2939 subiecto
1361 2905 1478 2938 caret.
1541 2900 1676 2937 Silium
1717 2899 1921 2949 scripsisse

213 2967 362 3004 conicio
392 2966 589 3004 substricta·
612 2977 774 3014 corpus:
804 2966 860 3003 bis
887 2972 1054 3005 cantans
1082 2969 1223 3006 bucina
1246 2971 1398 3016 siquam
1418 2972 1632 3015 praeterea
1649 2968 1802 3013 gremino
1819 2977 1921 3014 pro—

214 3034 330 3071 debat
358 3035 490 3072 iuncta
521 3035 708 3080 maye'stro
735 3038 868 3071 casira
898 3036 995 3081 φερέ.
1054 3035 1100 3073 cf.
1134 3035 1249 3086 Prop.
1285 3037 1312 3074 V
1345 3040 1387 3079 4,
1423 3037 1474 3076 63
1501 3040 1539 3072 el
1567 3036 1644 3072 iam
1673 3038 1818 3081 quarm
1847 3045 1920 3071 ca-

213 3101 271 3138 m't
297 3104 499 3138 venturam
531 3101 673 3139 bucina
702 3102 826 3138 lucem
859 3105 896 3138 et
927 3102 955 3139 V
980 3104 1049 3145 10,
1083 3104 1135 3143 29
1164 3114 1268 3141 mmo
1299 3105 1404 3140 imm
1431 3113 1561 3140 muros
1576 3102 1752 3150 pastoris
1780 3100 1921 3139 bucina

213 3168 309 3206 lenti
335 3172 480 3206 cantat.
541 3172 716 3205 ceterum
747 3166 856 3205 lubet
886 3168 1083 3218 adponere
1114 3169 1193 3207 Livi
1226 3169 1341 3208 verba
1380 3168 1427 3207 ad
1459 3168 1528 3207 Sili
1558 3180 1693 3207 versus
1722 3167 1919 3207 illustran-
