2330 3606
815 883 856 933 1.
928 883 992 928 In
1029 881 1299 929 Catullum.

263 1023 315 1062 11,
336 1023 396 1057 29:
430 1021 539 1056 Nunc
559 1021 680 1066 ipsum
700 1021 740 1055 id
760 1020 874 1062 doleo,
898 1021 998 1066 quod
1016 1020 1163 1055 esurire

423 1089 544 1125 Meme
562 1098 660 1134 puer
681 1092 716 1123 et
735 1089 838 1123 sitire
859 1089 984 1124 discet.

326 1178 561 1229 Corruptum
605 1188 743 1224 meme,
797 1177 901 1226 quod
948 1176 1047 1215 male
1087 1180 1375 1227 temptaverunt
1411 1176 1526 1214 variis
1565 1175 1802 1213 coniecturis
1843 1175 1912 1213 viri

206 1246 330 1290 docti,
371 1246 600 1284 mutandum
632 1250 690 1284 est
725 1246 763 1283 in
799 1247 1029 1293 pessime,
1071 1257 1147 1294 quo
1179 1245 1272 1294 quin
1311 1244 1457 1295 pariter
1497 1244 1551 1281 uti
1588 1243 1762 1293 potuerit
1799 1246 1911 1293 poeta

206 1318 321 1364 atque
352 1326 447 1352 usus
479 1318 536 1351 est
566 1312 829 1352 locutionibus
859 1316 961 1352 7777716
991 1315 1156 1359 insulsa,
1196 1314 1298 1350 male
1325 1312 1514 1360 perdere,
1553 1310 1721 1349 dubitari
1764 1311 1909 1360 nequit.

205 1381 378 1420 Eandem
417 1393 551 1419 vocem
597 1392 656 1419 7776
693 1381 950 1420 obtruserunt
992 1381 1142 1420 librarii
1188 1384 1327 1431 poetae
1373 1383 1445 1423 20,
1488 1383 1508 1420 1
1548 1380 1685 1427 puella
1724 1390 1816 1417 7777777
1854 1389 1914 1415 7776

205 1461 306 1497 quae
335 1460 416 1488 meo
443 1451 530 1487 sinu
555 1449 684 1497 suffit,
717 1449 784 1487 ubi
815 1449 862 1487 de
893 1450 1056 1487 veritate
1088 1449 1336 1486 coniecturae
1368 1447 1517 1487 Avantii
1547 1458 1716 1495 namque
1747 1459 1823 1484 non
1846 1446 1912 1484 ‹le-

204 1516 321 1555 bebat
350 1517 527 1556 dubitare
558 1516 833 1556 Rossbachius.
877 1517 1059 1555 Ceterum
1093 1516 1208 1554 verba
1238 1527 1342 1554 7777776
1371 1516 1496 1564 ipsum
1526 1515 1569 1553 id
1594 1515 1702 1553 doleo
1732 1518 1915 1553 revocant

204 1586 244 1623 in
282 1590 454 1624 mentem
490 1585 638 1629 locum,
679 1586 745 1634 qui
786 1585 928 1634 legitur
968 1585 1069 1635 apud
1109 1583 1401 1622 Lachmannum
1441 1586 1512 1627 68,
1547 1588 1569 1625 7
1617 1583 1689 1621 secl
1733 1594 1837 1620 7777776
1874 1582 1917 1619 id

204 1654 314 1692 doleo
342 1654 447 1702 quod
465 1664 599 1702 purae
625 1665 732 1702 pura
758 1655 918 1701 puellae
941 1653 1061 1690 Savia
1090 1653 1316 1691 conmn‘nxe'l
1345 1663 1492 1700 spurca
1513 1653 1638 1689 salira
1667 1656 1753 1697 77777,
1786 1655 1823 1688 et
1845 1649 1911 1687 do-

205 1733 295 1760 oere
325 1725 456 1772 potest
484 1722 567 1772 ipsa
599 1722 881 1760 sententiarum
914 1720 1124 1759 similitudo
1155 1731 1284 1770 neque
1317 1719 1630 1762 Lachmannum,
1674 1719 1739 1768 qui
1777 1730 1914 1756 versus

203 1788 290 1827 illos
322 1794 360 1827 et
391 1788 467 1827 duo
497 1790 698 1840 proximos
730 1801 817 1827 cum
851 1791 1023 1827 carmine
1062 1789 1350 1838 septuagesimo
1388 1788 1554 1838 septimo
1587 1787 1805 1829 coniunxit,
1845 1798 1912 1824 ne-

205 1868 279 1906 que
301 1855 533 1906 Bergkium,
564 1858 631 1907 qui
652 1869 749 1895 mus.
784 1856 894 1895 rhen.
922 1861 971 1899 15
994 1869 1029 1907 p.
1056 1859 1135 1899 508
1168 1855 1324 1894 eosdem
1358 1867 1446 1894 cum
1469 1855 1640 1894 carmine
1673 1854 1912 1903 octogesimo

205 1924 416 1975 copulavit,
449 1936 586 1963 verum
617 1928 840 1964 assecutum
867 1936 973 1969 esse,
1015 1936 1103 1963 curn
1134 1928 1275 1962 neutro
1316 1923 1487 1962 carmine
1526 1934 1597 1961 vox
1634 1933 1738 1960 7777776
1774 1920 1914 1959 habeat

205 2003 281 2042 quo
310 1992 518 2031 referatur.

260 2098 312 2137 15,
333 2098 394 2132 30:
427 2095 542 2132 Hune
564 2095 708 2132 Galliae
729 2098 830 2133 limet
849 2100 884 2132 et
905 2097 1145 2132 Britanniae.

315 2184 424 2230 Quod
456 2184 646 2236 Hauptius
687 2189 850 2235 quaestt.
886 2185 1021 2223 Catuli.
1054 2197 1091 2235 p.
1128 2188 1178 2227 19
1220 2183 1324 2222 hunc
1366 2195 1521 2221 versum
1561 2187 1626 2221 aut
1664 2194 1752 2221 eum
1790 2181 1912 2220 Lach-

203 2264 345 2291 manno
366 2253 418 2291 ita
440 2252 689 2291 scribendum
713 2257 865 2291 censet:
898 2254 986 2291 777776
1016 2253 1250 2299 Erinomam,
1272 2253 1376 2291 1777776
1407 2253 1531 2290 timete
1560 2251 1713 2289 Galliae
1744 2254 1810 2288 aut
1838 2251 1911 2287 ita:

203 2322 328 2359 limele
364 2321 528 2367 Galliae,
559 2321 663 2359 1777776
692 2322 780 2360 lime
815 2321 1044 2368 Britannia,
1076 2321 1208 2358 nescio
1240 2332 1287 2358 an
1319 2319 1516 2370 spondeus
1547 2319 1665 2369 primi
1694 2317 1805 2369 pedis
1836 2329 1913 2355 non

203 2389 295 2427 satis
327 2393 486 2427 excuset
516 2388 691 2427 mutandi
729 2388 962 2427 violentiam.
1025 2388 1080 2427 Ab
1113 2389 1196 2426 eius
1221 2387 1326 2425 modi
1356 2387 1603 2437 neglegentia
1640 2398 1719 2424 non
1749 2398 1914 2437 prorsus

203 2455 418 2495 abhorrere
449 2455 642 2494 Catullum
672 2456 814 2507 probat
851 2456 986 2495 ultima
1017 2455 1161 2508 syllaba
1201 2455 1328 2494 brevis
1365 2456 1471 2493 vocis
1508 2455 1682 2493 omnibus
1720 2454 1759 2492 in
1797 2465 1913 2491 versu

204 2524 270 2573 qui
299 2523 440 2573 legitur
473 2526 544 2567 36,
579 2527 629 2566 17
660 2526 869 2563 noscitetur
895 2525 944 2562 771)
974 2525 1169 2568 omnibus,
1200 2524 1310 2561 euius
1342 2521 1598 2573 probabiliter
1637 2521 1813 2560 mutandi
1852 2534 1913 2559 ra-

203 2593 347 2630 tionem
379 2603 428 2628 ne
450 2590 640 2641 Hauptius
671 2591 827 2640 quidem
857 2593 1079 2642 excogitare
1110 2592 1247 2642 potuit.
1292 2591 1366 2636 Qui
1397 2590 1501 2640 quod
1533 2589 1579 2628 ab
1601 2589 1673 2628 hae
1693 2590 1775 2640 ipsa
1798 2600 1913 2638 quam

204 2658 352 2698 Catullo
390 2658 558 2697 vindicat
600 2658 878 2710 glyconeorum
925 2661 1131 2697 severitate
1171 2662 1448 2708 argumentum
1493 2658 1742 2696 coniecturae
1782 2657 1915 2694 anxiis

204 2730 268 2771 30,
299 2729 351 2768 26
383 2725 714 2765 commendandae
745 2728 920 2777 repetiit,
954 2726 1049 2765 mihi
1080 2726 1237 2776 quidem
1269 2727 1450 2775 quotiens
1482 2725 1528 2763 ad
1559 2724 1676 2763 verba
1706 2723 1771 2762 illa
1801 2723 1911 2767 redii,

204 2793 391 2844 Scaligeri
414 2793 632 2832 emendatio
663 2795 748 2842 quis
777 2795 871 2832 deus
895 2796 1019 2842 77777973
1043 2794 1095 2831 7717
1115 2795 1240 2842 77777973
1273 2794 1341 2831 Esl
1362 2794 1557 2842 petendus
1584 2792 1803 2830 (mantibus
1823 2803 1914 2829 vera

203 2862 282 2900 visa
314 2865 390 2906 est,
437 2872 511 2910 qua
542 2873 620 2899 non
667 2860 726 2899 vel
766 2861 911 2900 doloris
959 2861 1016 2899 vel
1063 2862 1325 2900 miserationis
1368 2861 1644 2911 indignationis
1688 2858 1911 2898 admiratio-

204 2929 265 2966 nis
295 2928 364 2967 sed
393 2929 571 2979 ipsorum
602 2929 815 2966 amantium
848 2929 1052 2966 anxietatis
1084 2929 1312 2978 significatio
1344 2929 1511 2966 infertur
1543 2927 1610 2972 (cf.
1644 2929 1714 2969 33,
1747 2929 1797 2967 23
1836 2926 1913 2962 mi-

203 3007 266 3033 ser
292 2996 345 3033 7717
373 2997 513 3041 misem·
545 3000 615 3039 41,
641 3001 664 3038 5
703 2998 819 3033 miser
849 2997 901 3033 7717
923 2998 1061 3039 me'ser,·
1093 2998 1165 3039 60‚
1191 3001 1213 3038 5
1254 2997 1305 3034 7717
1335 2998 1448 3034 nimis
1473 2995 1564 3041 sero
1593 2994 1733 3036 6777716,-
1765 2995 1835 3035 59,
1862 2997 1912 3035 17

203 3064 308 3101 illius
334 3064 386 3101 7717
414 3066 522 3102 mala
549 3063 678 3112 dona).
742 3062 817 3101 Sed
850 3068 891 3101 ut
932 3063 978 3101 ad
1016 3074 1191 3104 versum,
1233 3077 1252 3102 a
1293 3075 1368 3113 quo
1409 3063 1536 3100 exorsi
1577 3073 1733 3103 sumus,
1774 3059 1911 3098 redea-

204 3141 310 3173 mus,
343 3142 415 3168 nee
445 3131 608 3181 spondei
639 3130 742 3169 illius
773 3130 1000 3168 removendi
1032 3131 1304 3168 necessitatem
1326 3131 1456 3172 video,
1491 3133 1528 3166 et
1558 3127 1737 3178 displicet
1758 3128 1795 3165 in
1820 3139 1910 3164 con-

204 3197 365 3236 iecturis
397 3202 435 3235 et
455 3197 766 3236 Laclnnanniana
790 3202 826 3235 et
848 3198 1063 3248 Hauptiaua
1095 3210 1183 3235 cum
1213 3197 1339 3235 subita
1361 3196 1607 3234 allocutionis
1629 3195 1802 3238 mutatio,
1839 3205 1913 3244 qua
