2330 3606
568 189 608 226 IN
638 190 907 227 SCRIPTORVM
939 190 1200 227 GRAECORVM
1232 191 1343 227 VlTlS
1374 191 1602 228 HAVSERIT.
1865 188 1942 229 147

237 302 276 339 in
307 306 391 340 arte
420 301 565 339 musica
598 312 627 338 s.
651 312 684 338 v.
718 299 937 350 Ἀμφίων2
941 300 991 351 9),
1026 299 1244 350 Μαρςύας,
1275 300 1510 349 Ὄλυμπος.
1542 302 1834 352 Τέρπανδρος,
1865 301 1945 342 Λᾶ-

238 381 328 416 coc,
353 367 549 418 Είβυλλα,
573 366 755 417 Εαπφώ,
785 366 964 417 ”,Ιβυκος
994 366 1238 416 (ιμωνίδης,
1268 367 1487 416 Τιμόθεος,
1512 368 1808 419 Ἀντιγενίδης,
1841 369 1944 409 Διο-

236 436 335 483 κλῆς
351 433 413 486 3⁰).
485 439 691 485 praeterea
736 436 854 486 (quae
893 435 991 473 addo
1031 435 1241 474 admodum
1287 435 1531 485 dubitanter)
1578 442 1736 476 notatur
1773 442 1943 477 metrum

237 502 448 552 elegiacum
478 503 605 553 primo
637 515 657 540 a
678 501 848 540 Theocle
870 503 990 540 Naxio
1013 502 1228 541 adhibitum
1251 515 1336 542 esse
1360 504 1402 555 (s.
1427 516 1459 541 ι’.
1484 503 1742 555 ἐλεγείνειν),
1774 512 1943 544 metrum

236 570 486 608 Boeotiacum
518 574 555 607 et
584 569 796 621 Phrygium
834 582 854 607 a
885 570 1114 620 Terpandro
1145 571 1347 608 inventum
1377 572 1421 618 (s.
1455 582 1487 608 v.
1523 570 1692 620 Μόςχος
1720 571 1872 624 ᾅδων),
1907 578 1945 611 et

236 636 475 674 Simonidem
505 635 670 674 Iulieten
707 638 904 687 reperisse
945 637 1020 685 τὴν
1057 637 1311 686 μνημονικὴν
1343 636 1494 686 τέχνην
1535 643 1573 675 et
1615 638 1665 677 τὰ
1695 639 1829 689 μακρὰ
1855 642 1942 679 τῶν

235 702 448 753 στοιχείων
469 702 534 742 καὶ
555 703 682 742 διπλᾶ
713 702 754 753 (s,
778 715 811 742 v,
837 702 1063 753 Ειμωνίδης
1090 703 1401 755 Λεωπρεποῦς).
1445 705 1591 743 Deinde
1623 707 1812 746 amicitiae
1844 719 1944 757 quae

233 777 368 822 poetas
408 772 511 809 inter
557 776 595 809 et
635 772 833 821 principes
870 773 1181 810 intercesserunt
1218 777 1576 811 commemorantur
1616 786 1645 811 s.
1680 787 1711 812 v,
1752 773 1943 824 Ἄρατος,

232 836 456 888 Αἰςχρίων,
479 836 715 887 Εὐφορίων,
741 837 955 888 Λεςχίδης,
979 838 1181 889 Ὀρφεύς.
1212 838 1425 889 Χοιρίλος.
1448 838 1644 879 Αἴςωπος
1667 839 1837 889 Εάμιος,
1860 841 1944 882 Με-

233 904 496 954 λανιππίδης,
520 904 787 954 Μεςομήδης,
819 904 1051 955 Εὐριπίδης,
1076 905 1308 957 Νεόφρων,
1339 906 1612 957 Φερεκράτης.
1658 908 1863 948 Postremo
1896 911 1943 948 de

233 973 422 1023 agonibus
458 974 677 1012 accuratius
709 973 756 1011 ab
787 973 969 1024 Hesychii
1007 979 1167 1013 auctore
1199 980 1329 1014 actum
1361 987 1447 1013 esse
1486 975 1582 1014 haec
1612 976 1788 1027 produnt
1818 979 1940 1015 mani-

231 1041 330 1079 festa
358 1042 539 1090 vestigia:

260 1121 290 1146 s.
322 1120 356 1146 V.
397 1106 616 1156 Εὔμολπος
652 1140 660 1147 .
695 1140 703 1147 .
740 1107 893 1156 γέγονε
929 1109 975 1148 δὲ
1008 1109 1072 1148 καὶ
1107 1108 1379 1159 Πυθιονίκης’
1419 1110 1527 1160 πρὸς
1563 1110 1695 1160 λύραν
1733 1110 1813 1160 γὰρ
1849 1110 1943 1152 ἐπε-

399 1174 616 1216 δείκνυντο
643 1174 682 1215 οἱ
701 1175 878 1225 ποιηταί.
1016 1221 1020 1224 ,

260 1256 289 1281 s.
322 1255 355 1281 v,
397 1242 608 1292 Φρῦνις..
639 1242 686 1283 ὃς
713 1242 849 1283 ἐδόκει
879 1245 1048 1294 πρῶτος
1077 1244 1276 1294 κιθαρίςαι
1303 1245 1408 1295 παρ’
1430 1245 1660 1295 Ἀθηναίοις
1692 1245 1757 1285 καὶ
1786 1248 1944 1296 νικῆςαι

396 1309 673 1359 Παναθήναια
693 1309 760 1350 ἐπὶ
785 1310 963 1351 Καλλίου
985 1310 1204 1361 ἄρχοντος.

257 1391 287 1417 s.
322 1391 352 1417 τ.
394 1376 528 1418 Λᾶςος
551 1410 558 1417 .
579 1410 586 1417 .
609 1379 779 1428 πρῶτος
805 1376 929 1418 οὗτος
955 1378 1211 1430 διθύραμβον
1233 1379 1289 1420 εἰς
1309 1379 1457 1428 ἀγῶνα
1478 1379 1705 1430 εἰςήγαγεν.

257 1459 287 1485 s.
319 1458 351 1484 V.
392 1444 640 1496 Ἐπίχαρμος
665 1479 672 1486 .
695 1479 702 1485 .
730 1445 781 1496 ἦν
810 1447 856 1487 δὲ
883 1447 967 1497 πρὸ
996 1448 1082 1487 τῶν
1106 1446 1323 1497 Περςικῶν
1351 1446 1420 1497 ἔτη
1449 1442 1484 1493 ς’
1511 1448 1716 1489 διδάςκων
1743 1448 1789 1490 ἐν
1813 1448 1939 1500 Cupa-

396 1512 582 1554 κούςαις·
627 1513 673 1555 ἐν
711 1514 755 1554 δ’
790 1514 977 1564 Ἀθήναις
1010 1513 1161 1564 Εὐέτης
1196 1514 1261 1554 καὶ
1290 1514 1506 1564 Εὐξενίδης
1541 1515 1607 1555 καὶ
1638 1515 1811 1556 Μύλλος
1847 1516 1941 1556 ἐπε-

396 1579 624 1622 δείκνυντο.

230 1648 304 1688 huc
338 1661 458 1700 porro
497 1650 721 1695 retulerim,
762 1650 867 1702 quod
905 1650 1059 1700 quando
1090 1652 1113 1688 i.
1150 1664 1180 1689 e.
1217 1662 1290 1700 qua
1334 1651 1555 1702 olpnpiade
1592 1651 1651 1690 vel
1692 1658 1787 1703 quot
1818 1666 1940 1691 annos

229 1722 341 1754 natus
373 1718 459 1766 quis
488 1718 648 1767 primus
669 1717 819 1756 fabulas
848 1719 889 1756 in
920 1730 1100 1756 scaenam
1123 1720 1365 1757 commiserit
1381 1717 1448 1769 3¹¹),
1483 1732 1572 1757 cum
1594 1731 1670 1769 quo
1694 1720 1741 1758 de
1762 1722 1938 1771 praemio

231 1785 455 1828 certaverit,
488 1786 668 1835 quotiens
708 1790 743 1823 et
784 1791 927 1834 quanto
968 1785 1136 1835 denique
1168 1787 1302 1824 vicerit
1318 1783 1365 1835 32)
1406 1786 1613 1837 diligenter
1651 1792 1809 1825 notatur
1841 1800 1869 1824 s.
1903 1800 1937 1825 v.

232 1849 429 1900 Κόριννα,
463 1850 683 1901 Αἰςχύλος,
729 1851 966 1903 (οφοκλῆς,
1009 1852 1246 1902 Εὐριπίδης.
1290 1852 1573 1903 Ἂρίςταρχος,
1619 1853 1870 1901 Ἀςτυδάμας
1916 1853 1939 1893 ὁ
1990 1854 2003 1865 ’

208 1989 214 1993 ,
318 1951 363 1995 ²³)
394 1953 484 1985 licet
514 1954 627 1985 verba
658 1953 814 1985 παλαιᾶς
841 1955 1011 1994 μουςικῆς
1037 1952 1191 1994 εὑρετής
1223 1955 1357 1986 rectius
1388 1959 1493 1996 putes
1524 1965 1567 1986 ex
1591 1955 1747 1986 Luciani
1774 1955 1939 1996 epistulis

232 1998 444 2040 deprompta
471 2009 562 2032 esse.

317 2042 362 2082 30)
389 2044 508 2075 omnia
533 2044 626 2075 haec
651 2044 859 2075 testimonia
884 2048 1030 2085 praeter
1055 2044 1123 2075 duo
1149 2054 1241 2085 quae
1267 2054 1377 2086 supra
1401 2046 1439 2075 in
1465 2045 1547 2076 adn.
1569 2047 1610 2077 27
1630 2048 1666 2076 et
1684 2047 1725 2077 ’28
1750 2046 1852 2088 posui
1879 2056 1937 2077 ex-

229 2088 353 2130 cripsit
376 2088 560 2130 paululum
586 2089 728 2120 inverso
754 2089 878 2120 ordine
904 2089 1151 2120 Volkmannus
1176 2100 1208 2131 p.
1236 2091 1268 2121 2.
1295 2092 1326 2121 3.
1352 2091 1383 2121 9.
1411 2092 1451 2122 10
1477 2100 1529 2132 sq.

317 2132 358 2174 3¹)
385 2134 511 2175 quodsi
539 2134 695 2175 Thespis
724 2134 790 2174 (cf.
815 2133 989 2165 Welcker
1010 2144 1061 2175 φ’.
1085 2135 1187 2174 Troy.
1214 2135 1229 2165 Ι
1255 2145 1288 2176 p.
1317 2134 1398 2173 16),
1424 2135 1653 2176 Phrynichus
1678 2135 1740 2175 (cf.
1765 2135 1941 2167 XVelcker

227 2179 250 2212 l.
277 2189 304 2210 s.
331 2190 365 2220 p.
387 2177 459 2219 19),
485 2179 680 2210 Chionides
706 2179 769 2218 (cf.
794 2178 965 2210 Meineke
990 2179 1075 2210 hist.
1101 2190 1189 2212 com.
1210 2179 1269 2212 Gr.
1294 2191 1327 2221 p.
1347 2179 1417 2219 27),
1444 2180 1661 2222 Posidippus
1687 2181 1750 2219 (cf.
1768 2181 1939 2212 Meineke

229 2224 251 2254 l.
271 2234 299 2254 s.
325 2235 360 2265 p.
377 2225 469 2264 428),
495 2224 736 2266 Epicharmus
761 2223 1024 2263 (cf.Welcke1·
1047 2224 1091 2257 kl.
1117 2224 1211 2257 S'ehr.
1238 2225 1255 2255 Ι
1280 2236 1314 2266 p.
1333 2226 1413 2265 285)
1442 2236 1461 2256 a
1488 2226 1597 2257 Suida
1622 2226 1814 2257 traduntur
1841 2230 1939 2257 certo

229 2279 322 2300 anno
347 2249 483 2300 διδάξαι
506 2269 565 2300 vel
589 2270 747 2309 νικῆςαι,
772 2269 809 2300 id
835 2269 877 2299 de
903 2270 1017 2310 prima
1042 2269 1170 2300 fabula
1195 2269 1254 2301 vel
1278 2270 1432 2301 vic-,toria
1466 2270 1601 2302 dictum
1628 2281 1706 2302 esse
1732 2271 1804 2302 iam
1829 2271 1940 2302 Bent-

227 2314 319 2344 leius
343 2313 529 2345 Phalarid.
555 2325 589 2356 p.
617 2315 680 2346 287
699 2325 749 2355 sq.
777 2315 927 2355 inter·.p1
953 2314 1129 2346 Ribbeck.
1155 2325 1237 2356 pers
1223 2315 1350 2356 spexit.
1377 2318 1538 2346 ceterum
1563 2317 1731 2348 conferas
1756 2316 1866 2358 plane
1894 2317 1940 2346 si-

227 2358 330 2390 miles
355 2359 559 2390 notationes
584 2360 621 2390 in
645 2369 821 2391 marmore
846 2360 955 2390 Ρ·ιιὶο
982 2370 1038 2400 ep.
1063 2359 1106 2390 50
1132 2357 1307 2398 Αἰςχύλος
1339 2358 1359 2391 ὁ
1390 2360 1548 2401 ποιητὴς
1572 2359 1760 2402 τραγῳδίᾳ
1785 2362 1940 2401 πρῶτον

227 2401 379 2454 ἑνίκηςε,
406 2414 460 2445 ep.
487 2405 530 2435 56
557 2402 749 2444 Εοφοκλῆς
781 2403 801 2435 ὁ
828 2401 1011 2444 (οφίλλου
1045 2403 1064 2436 ὁ
1096 2403 1135 2435 ἐκ
1163 2403 1337 2436 Κολωνοῦ
1370 2403 1511 2446 ἑνίκηςε
1543 2404 1731 2447 τραγῳδίᾳ
1763 2405 1859 2437 ἐτῶν
1886 2405 1939 2437 ὢν

228 2443 296 2489 κη’,
316 2459 369 2490 ep.
389 2449 431 2480 60
446 2446 641 2489 Εὐριπίδη(
659 2448 756 2481 ἐτῶν
773 2448 828 2480 ὢν
847 2445 903 2488 μγ’
926 2447 1115 2490 τραγῳδίᾳ
1133 2451 1287 2490 πρῶτον
1305 2447 1456 2490 ἑνίκηςε
1481 2461 1597 2492 neque
1617 2451 1724 2482 aliter
1744 2451 1836 2492 apud
1857 2461 1940 2482 ano-

228 2504 371 2534 nymum
395 2493 480 2534 περὶ
506 2492 702 2534 κωμωδίας
718 2494 837 2525 bonae
863 2494 978 2535 fingis
996 2494 1141 2535 plenum
1159 2505 1192 2536 p.
1212 2496 1277 2526 535
1290 2504 1346 2546 sq.
1367 2495 1416 2533 (in
1433 2495 1611 2527 Meinekii
1630 2506 1719 2527 com.
1741 2496 1800 2528 Gr.
1818 2496 1889 2528 xol.
1908 2496 1937 2535 Ι)

226 2538 360 2579 legitur
376 2549 410 2569 v.
428 2539 470 2569 ‘26
498 2536 676 2579 Κρατῖνος
703 2537 894 2579 Ἀθηναῖος
920 2540 1002 2580 νικᾷ
1027 2538 1120 2578 μετὰ
1143 2538 1214 2579 τὴν
1239 2535 1298 2571 πε’
1314 2538 1521 2579 ὀλυμπιάδα
1547 2540 1626 2581 (ubi
1642 2551 1809 2572 numeius
1828 2540 1937 2571 olvm-

226 2583 346 2624 piadis
372 2587 558 2624 corruptus
585 2587 652 2621 est,
678 2584 727 2615 cf.
752 2584 922 2615 Meinele
954 2584 1036 2616 hist.
1063 2594 1152 2617 com
1181 2584 1239 2617 Gr,
1266 2595 1300 2626 p.
1318 2586 1389 2624 45),
1423 2596 1457 2626 p.
1484 2587 1548 2617 536
1573 2596 1606 2617 v.
1635 2588 1674 2617 11
1701 2575 1937 2626 Φερεκράτης

228 2627 420 2669 Ἀθηναῖος
444 2629 527 2669 νικᾷ
551 2627 610 2660 ἐπὶ
636 2626 834 2669 Θεοδώρου
865 2629 934 2667 (sic
960 2639 1050 2660 corr.
1075 2629 1267 2660 Dobraeus
1299 2640 1361 2671 pro
1387 2628 1557 2671 θεάτρου,
1586 2630 1634 2664 cf
1659 2630 1831 2662 Meinekc
1858 2630 1882 2661 l.

226 2684 261 2714 p.
280 2674 355 2713 66),
380 2683 413 2704 v.
442 2674 482 2705 16
506 2662 663 2705 Εὔπολις
691 2672 883 2713 Αθηναῖος
910 2671 1072 2706 ἐδίδαξεν
1097 2672 1356 2714 ἑπὶᾶρχοντος
1382 2674 1682 2716 Απολλοδώρου,
1708 2685 1740 2707 v.
1761 2676 1800 2706 ’21
1829 2654 1938 2715 (Αρι-

227 2716 430 2758 ςτοφάνης)
456 2715 594 2749 ἐδίδαξε
619 2743 625 2748 .
646 2743 651 2748 ,
677 2727 828 2758 πρωτος
853 2717 912 2749 ἐπὶ
937 2718 1119 2759 ἄρχοντος
1135 2717 1314 2759 Διοτίμου
1341 2720 1408 2759 (sic
1434 2730 1524 2753 corr.
1551 2720 1715 2762 Scaliger
1740 2720 1785 2751 ad
1801 2719 1934 2750 Euseb.

225 2773 260 2804 p.
288 2764 351 2794 128
376 2773 437 2803 pro
463 2761 706 2802 Φιλοτίμου),
738 2773 772 2804 p.
798 2765 862 2794 537
887 2774 919 2795 v.
948 2765 988 2795 13
1021 2762 1244 2805 Αντιφάνης
1276 2764 1414 2805 ἤρξατο
1446 2764 1624 2797 διδάςκειν
1655 2763 1746 2804 μετὰ
1776 2763 1848 2804 τὴν
1880 2772 1924 2804 ςη

177 2814 182 2826 ι
227 2806 450 2847 ὀλυμπιάδα;
479 2807 526 2840 cf.
553 2808 660 2838 etiam
687 2818 720 2848 p
747 2808 811 2839 538
836 2818 869 2839 v.
897 2809 984 2841 1.6.
1013 2810 1065 2840 10.

315 2851 356 2892 ³²)
390 2856 514 2884 contra
547 2853 590 2883 de
622 2851 757 2883 fabulis
790 2852 827 2882 in
852 2862 1022 2884 scaenam
1055 2854 1255 2885 commissis
1285 2864 1357 2886 non
1383 2856 1498 2886 ausim
1524 2856 1704 2896 cogitare,
1731 2849 1935 2894 ubicunque

227 2901 336 2938 poeta
361 2898 552 2928 scaenicus
577 2898 711 2928 dicitu1
734 2900 788 2928 tot
807 2897 954 2928 tabulas
979 2897 1113 2930 διδάξαι
1138 2909 1205 2930 nec
1230 2900 1467 2931 vict01iarum
1493 2910 1640 2931 numero
1666 2908 1782 2939 neque
1809 2898 1936 2928 wlver-

228 2943 402 2973 sariorum
427 2943 571 2973 nomine
597 2953 664 2973 nce
691 2942 903 2973 certaminis
928 2946 1088 2984 tempore
1116 2943 1238 2974 addito
1255 2945 1353 2975 xelnt
1370 2955 1397 2976 s.
1416 2955 1451 2977 v.
1472 2944 1614 2985 Ἰοφων,
1644 2942 1841 2982 Νεόφρων,
1868 2941 1939 2974 Φε-

229 2985 425 3028 ρεκράτης,
452 2984 674 3028 Ἕρμιππος,
701 2985 924 3027 Θεοδέκτης,
957 2985 1201 3039 Θεόπομπος,
1226 2986 1408 3029 Εὔβουλος
1433 2989 1497 3030 (³),
1525 2988 1632 3021 ΑλεΞ
1636 2997 1684 3027 ις,
1710 2986 1888 3038 Φιλήμων
1915 2986 1934 3018 ό

228 3029 430 3072 νεώτερος,
463 3031 687 3071 Δεινόλοχος
713 3032 750 3073 (2
759 3031 783 3071 ).
816 3031 965 3062 abusum
992 3033 1086 3063 enim
1113 3043 1191 3064 esse
1225 3034 1385 3066 dictione
1416 3033 1553 3066 ἐδίδαξε
1580 3032 1723 3063 suidam
1757 3033 1932 3073 suspicor,

230 3084 309 3106 cum
326 3076 436 3107 semel
457 3081 581 3118 aperte
607 3076 863 3118 neglegentiae
889 3077 927 3107 in
952 3076 1021 3107 hac
1046 3087 1082 3108 re
1111 3078 1294 3110 admissae
1320 3080 1565 3111 οοιινίιιοᾛιιιιι
1592 3088 1620 3109 s.
1639 3087 1672 3110 v.
1699 3075 1852 3117 Μάγνης
1872 3076 1933 3108 ille

229 3116 365 3152 ἐδίδαξε
394 3119 589 3162 κωμῳδίας
614 3117 645 3153 θ’
677 3122 813 3162 inquit,
851 3131 931 3152 cum
965 3123 1225 3163 grammaticus
1256 3124 1325 3155 fide
1358 3124 1590 3165 dignissimus
1623 3130 1706 3161 περι
1739 3119 1934 3162 κωμῳδίας

229 3173 272 3204 p.
287 3165 352 3196 535
374 3175 406 3199 v.
432 3167 476 3197 24
500 3167 554 3198 ed.
581 3166 838 3197 Meinekianae
870 3166 962 3198 haec
986 3170 1128 3199 narret:
1159 3169 1238 3200 τῶν
1266 3167 1466 3209 δραμάτων
1491 3166 1608 3198 αὐτου
1632 3164 1743 3198 οὐδὲν
1770 3165 1934 3203 ςώΖεται,

229 3207 276 3239 τὰ
292 3207 331 3240 δὲ
353 3207 603 3250 ἐπιφερόμενα
626 3210 722 3242 ἐςτιν
746 3209 863 3243 ἐννέα.

1575 3273 1624 3310 10
1643 3268 1663 3291 ³⁵³
