2330 3606
347 962 385 992 10

348 1302 387 1332 15

408 154 491 194 310

686 264 913 306 Aristoteles

408 334 467 376 τίς
588 333 655 375 καὶ
688 332 726 374 τί
759 332 825 375 καὶ
856 333 951 384 περὶ
973 333 1010 375 τί
1045 334 1069 385 ἢ
1099 333 1145 375 έν
1173 333 1252 375 τίνι

408 403 600 454 πράττει,
627 401 763 443 ἐνίοτε
790 402 837 443 δὲ
856 402 922 443 καὶ
942 401 1035 452 τίνι,
1062 401 1156 443 οἷον
1181 400 1252 453 ὀρ-

408 471 550 524 γάνῳ,
582 470 649 511 καὶ
678 470 802 511 ἕνεκα
828 469 964 520 τίνος,
999 469 1093 512 οἷον
1123 483 1251 520 ςυυτη-

409 539 513 591 ρίας,
534 539 601 580 καὶ
621 540 735 589 πῶς,
758 537 851 580 οἷον
873 537 1006 590 ἠρέμα
1026 538 1051 589 ἢ
1074 537 1250 591 ςφόδρα.

409 606 576 649 ἅπαντα
615 607 690 658 μὲν
727 605 805 648 οὖν
845 608 975 648 ταῦτα
1011 606 1151 648 οὐδεὶς
1199 605 1251 647 ἂν

410 675 629 726 ἀγνοήςειε
658 675 711 726 μὴ
742 673 1017 725 μαινόμενος,
1055 676 1188 725 δῆλον
1218 673 1254 715 δ’

411 742 470 785 ὥς
503 742 605 785 οὐδὲ
637 743 713 785 τὸν
752 742 1010 794 πράττοντα·
1043 744 1137 784 πῶς
1172 741 1253 792 γάρ

410 811 563 853 ἑαυτόν
587 824 654 861 γε;
676 811 700 852 ὃ
725 811 772 852 δὲ
792 810 984 862 πράττει,
1008 809 1253 861 ἀγνοήςειεν

411 878 463 921 ἄν
491 892 573 929 τις,
615 878 709 921 οἷον
747 878 946 928 λέγοντές
978 891 1103 931 φαςιν
1134 878 1253 919 ἐκπε-

412 948 496 989 ςεῑν
526 946 671 988 αὐτοῖς
702 948 753 999 (3.
783 949 895 987 Anm.
918 946 964 998 2)
995 947 1021 997 ἣ
1051 945 1128 987 οὐκ
1151 945 1253 988 εἰδέ-

412 1029 480 1057 ναι
506 1015 571 1057 ὅτι
593 1014 814 1065 ἀπόρρητα
837 1014 912 1065 ἦν,
946 1014 1087 1066 ὥςπερ
1111 1014 1254 1065 Αἰςχύ-

412 1085 486 1125 λος
509 1084 561 1125 τὰ
582 1083 773 1134 μυςτικά,
795 1082 819 1132 ἢ
842 1083 971 1125 δεῖξαι
994 1082 1254 1134 βουλόμενος

412 1151 597 1203 ἀφεῖναι,
623 1150 681 1192 ὥς
709 1150 733 1192 ὁ
754 1150 830 1191 τὸν
856 1151 1131 1201 καταπέλτην.
1168 1150 1253 1201 οἰη-

412 1219 499 1270 θείη
529 1220 566 1260 δ’
595 1218 647 1261 ἄν
669 1232 729 1260 τις
750 1218 816 1259 καὶ
836 1219 911 1260 τὸν
934 1218 1026 1260 υἱὸν
1049 1219 1253 1269 πολέμιον

413 1287 541 1338 εἶναι,
573 1287 714 1338 ὥςπερ
736 1286 761 1337 ἡ
789 1286 990 1339 Μερόπη,
1021 1287 1087 1327 καὶ
1111 1286 1254 1339 έςφαι-

413 1358 568 1407 ρῶςθαι
603 1355 652 1396 τὸ
694 1356 1021 1407 λελογχωμένον
1063 1355 1188 1406 δόρυ,
1229 1355 1253 1405 ἢ

411 1424 487 1465 τὸν
524 1425 643 1465 λίθον
681 1423 860 1474 κίςςηριν
897 1423 1026 1465 εἶναι·
1072 1424 1137 1464 καὶ
1174 1422 1256 1464 ἐπὶ

413 1492 644 1544 ςωτηρίᾳ
671 1491 820 1533 πίςας
850 1491 1159 1533 ἀποκτείναι
1180 1490 1257 1532 ἄν·

413 1560 478 1600 καὶ
521 1561 625 1602 θῖξαι
666 1562 715 1613 (3.
754 1561 865 1599 Anm.
897 1560 941 1612 6)
980 1559 1256 1611 βουλόμενοςῆ

326 1625 353 1656 '2
416 1627 557 1679 ὥςπερ
600 1627 639 1669 οἱ
679 1626 1085 1679 ἀκροχειριζόμενοι,
1126 1627 1258 1669 πατά-

415 1699 522 1760 ξειεν
546 1695 610 1737 ἄν.

741 156 769 191 J.
802 155 1016 192 BERNAYS:
1049 155 1102 192 ZU
1133 155 1428 191 ARISTOTELES
1458 155 1539 191 UND
1570 155 1778 192 CLEMENS.

1335 265 1514 306 Clemens
1545 266 1686 306 Strom.
1721 270 1756 312 2,
1781 270 1833 310 14
1863 280 1900 319 p.
1923 269 2003 310 461
2026 267 2069 306 Ρ.

1288 333 1337 376 τὸ
1358 336 1466 383 γοῦν
1488 333 1686 376 ἀκούςιον
1709 333 1760 375 οὐ
1777 333 1967 385 κρίνεται.
1985 333 2126 377 διττὸν

1288 402 1335 444 δὲ
1372 404 1523 453 τοῦτο,
1565 402 1615 443 τὸ
1654 402 1728 453 μὲν
1771 401 1999 453 γινόμενον
2042 402 2127 453 μετ’

1288 469 1463 519 ἀγνοίας
1483 470 1532 511 τό
1549 471 1594 511 δὲ
1613 469 1773 525 ἀνάγκῃ
1794 472 1836 524 (3.
1851 471 1951 510 oben
1963 469 2126 522 S.303)·

1288 537 1377 579 ἐπεὶ
1398 539 1491 579 πῶς
1520 538 1572 580 ἂν
1599 538 1666 579 καὶ
1696 538 1899 580 δικαςείας
1927 537 2022 589 περὶ
2040 540 2126 580 τῶν

1288 606 1392 647 κατὰ
1408 605 1508 648 τοὺς
1524 605 1746 649 ἀκουςίους
1762 606 1949 658 τρόπους
1967 607 2125 661 (schrei-

1288 675 1356 714 be:
1407 675 1508 716 τοὺς
1555 676 1631 716 τοῦ
1677 674 1873 716 ἀκουςίου
1919 673 2127 726 τρόπους)

1289 741 1543 794 ἁμαρτάνειν
1582 743 1848 794 λεγομένωνς
1888 743 1914 794 ἣ
1947 743 2028 794 γὰρ
2057 741 2129 783 αὑ-

1288 810 1364 852 τόν
1387 823 1447 851 τις
1467 809 1697 861 ἠγνόηςεν,
1722 810 1781 852 ὥς
1806 810 2041 862 Κλεομένης
2064 810 2131 851 καὶ

1288 878 1466 930 Ἀθάμας
1489 878 1529 920 οἱ
1550 878 1773 930 μανέντες,
1799 879 1823 930 ἢ
1845 879 1895 920 τὸ
1914 880 2084 930 πρᾶγμα
2106 877 2129 920 ὃ

1288 947 1482 999 πράςςει,
1516 947 1574 989 ὥς
1613 947 1814 998 Αἰςχύλος
1849 947 1901 988 τὰ
1935 946 2132 998 μυςτήρια

1289 1015 1356 1056 ἐπὶ
1386 1017 1536 1067 ςκηνῆς
1565 1015 1742 1058 ἐξειπὼν
1763 1015 1808 1057 ἐν
1837 1014 1982 1070 Ἀρείῳ
2005 1014 2130 1068 πάγῳ

1288 1083 1438 1134 κριθεὶς
1476 1082 1614 1124 οὕτως
1654 1086 1741 1136 (aus
1771 1083 1942 1123 solehem
1974 1084 2131 1124 Grunde

1291 1153 1360 1191 der
1389 1151 1692 1203 Unwissenheit)
1736 1150 1887 1203 ἀφείθη
1925 1150 2133 1193 ἐπιδείξας

1290 1219 1422 1262 αὑτὸν
1449 1221 1500 1271 μὴ
1528 1219 1812 1271 μεμυημένον,
1830 1219 1855 1269 ἣ
1877 1218 1984 1270 ὅπερ
2004 1218 2132 1270 πράτ-

1290 1302 1402 1330 τεται
1433 1287 1643 1339 ἀγνοήςας
1674 1300 1734 1328 τις
1772 1287 1991 1341 (schreibe1
2027 1286 2052 1338 ἢ
2087 1286 2132 1329 ἐν

1293 1357 1410 1410 ᾧπερ
1441 1356 1666 1407 πράττεται
1692 1355 1894 1406 ἀγνοήςαι
1916 1355 2025 1407 τις),
2056 1353 2132 1395 ὥς·

1292 1438 1371 1476 περ
1418 1424 1441 1465 ὁ
1489 1424 1565 1466 τὸν
1618 1423 1851 1465 ἀντίπαλον
1900 1422 2023 1475 ἀφεὶς
2069 1422 2135 1463 καὶ

1293 1491 1545 1534 ἀποκτείνας
1578 1491 1734 1533 οἰκεῖον
1770 1490 1861 1532 ἀντὶ
1899 1492 1976 1532 τοῦ
2007 1491 2134 1532 πολε-

1292 1560 1405 1611 μίου·
1433 1561 1457 1611 ἢ
1479 1560 1528 1601 τὸ
1550 1559 1596 1602 ἐν
1625 1558 1704 1601 τίνι
1725 1559 1939 1612 (sehreibez
1970 1558 2019 1599 τὸ
2040 1557 2132 1610 τίνι)

1293 1627 1538 1679 πράττεται,
1560 1627 1747 1678 καθάπερ
1771 1626 1794 1668 ὁ
1815 1628 1905 1668 ταῖς
1929 1626 2134 1678 ἐςφαιρω-

1294 1697 1436 1747 μέναις
1485 1695 1658 1747 λόγχαις
1704 1694 2022 1746 γυμναζόμενος
2069 1695 2135 1736 καὶ

1294 1763 1544 1805 ἀποκτείνας
1564 1763 1678 1812 τινά,
1707 1765 1784 1804 τοῦ
1813 1762 1995 1814 δόρατος
2029 1761 2135 1804 ἀπο-

1295 1831 1502 1884 βαλόντος
1523 1833 1598 1882 τὴν
1621 1833 1803 1883 ςφαῑραν
1829 1831 1916 1885 (vgl.
1939 1832 2051 1871 Amn.
2075 1830 2134 1882 5)-

1292 1901 1318 1951 ἣ
1339 1900 1388 1941 τὸ
1410 1900 1526 1951 παρὰ
1547 1899 1596 1941 τὸ
1618 1901 1733 1949 πῶς,
1755 1897 1850 1940 οἷον
1872 1898 1895 1940 ὁ
1919 1898 1964 1940 ἐν
1982 1897 2134 1954 ςταδίῳ

1294 1968 1546 2010 ἀποκτείνας
1587 1968 1662 2010 τὸν
1704 1966 2039 2017 ἀνταγωνιςτήν·
2083 1966 2135 2008 οὐ

1291 2036 1373 2087 γὰρ
1394 2035 1580 2078 θανάτου
1609 2034 1717 2077 ἀλλὰ
1745 2033 1860 2086 νίκης
1883 2034 2003 2087 χάριν
2023 2034 2135 2086 ἠγω-

1292 2105 1449 2147 νίζετο·
1465 2104 1490 2154 ἢ
1508 2104 1557 2145 τὸ
1576 2102 1626 2145 οὗ
1644 2103 1768 2145 ἕνεκα
1784 2102 2023 2154 πράττεται,
2042 2102 2135 2144 οἷον

1294 2172 1318 2214 ὁ
1357 2171 1538 2223 ἰατρὸς
1574 2171 1802 2212 δέδωκεν
1848 2169 2134 2212 ἀντίδοτον

1294 2239 1528 2290 ὑγιεινὴν
1579 2239 1658 2279 καὶ
1720 2237 2055 2289 ἀπέκτεινεν,
2111 2237 2134 2279 ὁ

1294 2308 1346 2348 δὲ
1388 2306 1447 2348 οὐ
1485 2307 1678 2348 τούτου
1713 2305 1862 2358 χάριν
1903 2306 2133 2348 δέδωκεν

1272 2374 1423 2416 ιάλλὰ
1449 2376 1540 2416 τοῦ
1571 2377 1735 2415 ςῶςαι.

528 2443 592 2482 Ost
622 2456 751 2493 genug
792 2445 842 2482 ist
881 2443 985 2482 diese
1018 2442 1136 2481 Stelle
1175 2443 1243 2481 des
1275 2443 1454 2483 Clemens
1493 2444 1533 2481 in
1571 2444 1698 2482 ihren]
1731 2443 1798 2482 auf
1824 2443 2035 2494 Aeschylos
2065 2442 2133 2481 be-

414 2511 619 2562 zl'lglichen
651 2510 761 2549 Theil
794 2524 867 2549 von
899 2512 975 2550 den
1014 2523 1186 2549 neueren
1218 2510 1630 2549 Litterarhistorikern
1671 2511 1749 2550 und
1781 2511 2004 2550 Forschern
2036 2510 2134 2549 fiber

415 2580 475 2618 die
497 2580 707 2630 Mystm¹ien
740 2580 855 2622 eitirt,
889 2579 983 2617 aher
1014 2580 1164 2623 immer,
1198 2590 1240 2616 so
1270 2579 1360 2616 weit
1390 2579 1472 2617 sich
1505 2578 1706 2617 erkennen
1728 2578 1832 2624 1ἑὶ33ῑ,
1866 2578 1920 2617 als
1951 2579 2014 2617 ein
2046 2578 2132 2617 dem

415 2646 727 2686 aristotelischen
768 2646 1010 2685 collaterales
1049 2646 1129 2684 und
1160 2658 1233 2684 von
1266 2645 1491 2686 demselhen
1523 2646 1818 2697 unabhh'ngiges
1849 2647 2035 2697 Zeugniss
2066 2645 2132 2684 be-

413 2714 573 2754 handelt
603 2714 775 2752 worden.
838 2715 944 2752 Naeh
977 2714 1045 2751 der
1076 2713 1250 2764 hiesigen
1282 2715 1590 2766 Consrontirung
1621 2714 1757 2753 beider
1779 2713 1924 2754 Stellen
1954 2714 1995 2751 in
2024 2713 2133 2751 ihrer

414 2782 697 2832 vollslimdigen
730 2782 904 2831 Fassung
935 2780 1039 2819 kann
1070 2780 1171 2819 wohl
1203 2781 1330 2820 fortan
1361 2782 1452 2821 kein
1474 2782 1629 2822 Zweisel
1660 2783 1772 2821 mehr
1803 2782 1923 2821 daran
1954 2781 2131 2820 aufkom-

414 2863 502 2889 men
535 2851 621 2888 dass
653 2850 712 2889 die
745 2848 1084 2894 elenlentinische,
1126 2848 1304 2900 obgleich
1341 2851 1381 2888 in
1423 2851 1484 2888 ihr
1516 2851 1585 2888 del·
1617 2851 1737 2889 Name
1768 2848 1994 2888 Aristoteles
2026 2849 2133 2887 nieht.

415 2923 587 2967 genennt
619 2918 731 2962 wiml,
773 2917 873 2955 ‹lm-h
914 2916 1039 2955 niehts
1071 2916 1245 2956 Andel'es
1284 2919 1333 2957 ist
1372 2917 1426 2956 als
1458 2919 1543 2957 eine
1574 2917 1664 2957 hald
1694 2916 1892 2956 kfirzende
1923 2915 2013 2954 bald
2044 2929 2129 2955 zum

416 2985 641 3024 13011111‘1101·
672 2985 892 3036 Erkliirung
933 2985 1189 3023 erweilernde
1220 2985 1529 3036 Wiederholung
1568 2985 1638 3024 der
1678 2983 2000 3023 aristotelischen.
2063 2984 2131 3022 Die

414 3053 529 3091 zahl
562 3054 630 3091 der
662 3054 972 3103 l{11tegt}1‘ie11
1013 3053 1090 3090 und
1121 3053 1206 3091 ihre
1240 3053 1581 3103 terminologisehe
1614 3053 1913 3100 Benennung
1950 3051 2036 3089 sind
2068 3050 2131 3089 bei

415 3121 592 3159 Clemens
624 3121 818 3160 ‹lm-vimus
851 3119 1048 3159 ‹lieselben
1093 3121 1163 3157 wie
1200 3120 1262 3159 bei
1294 3120 1533 3160 Aristoteles.
1573 3144 1626 3148 —
1665 3120 1754 3157 Was
1793 3118 1877 3157 ihre
1916 3118 2129 3156 Reillen-

420 3188 552 3238 fulge
584 3188 760 3239 anlangt,
801 3201 842 3227 3ο
874 3188 940 3227 hat
972 3200 1044 3226 nur
1076 3187 1273 3234 Clemens,
1315 3187 1549 3239 gleielngiltig
1581 3200 1648 3226 aus
1678 3185 1846 3225 welcher
1877 3186 2027 3230 Laune,
2068 3185 2129 3224 die

2153 611 2173 643 5

2157 952 2198 983 10

2160 1293 2200 1324 15

2159 1976 2202 2008 25

2159 2318 2201 2349 30
