2330 3606
354 136 438 179 452
491 141 583 176 ΗΑΒ.
607 140 702 175 (lun.
726 138 849 174 eole.
873 137 1091 173 VOELKER:
1113 136 1367 172 CUNLECTAE
1389 136 1584 172 CRlTlGAE
1607 126 1659 172 ΕΤ
1682 136 1961 173 EXEGETICAE.

355 254 409 292 nii
441 250 741 303 expec'liendum.
792 249 913 288 Recte
947 249 1050 287 enim
1079 249 1157 287 iam
1187 249 1339 287 monuit
1368 248 1604 287 Franciscus
1624 246 1801 287 Ritterus
1832 260 1919 287 ann.
1947 247 2071 288 Rhen.

356 321 441 360 XVI
472 333 509 371 p.
544 325 589 364 5,
630 319 882 370 participium
912 318 1080 369 perfecti
1109 319 1276 356 miratus
1309 316 1362 368 (V.
1397 315 1440 367 2)
1481 321 1615 367 aperte
1648 316 1886 366 significare,
1919 322 2075 368 poetam

357 389 614 428 admiratione
645 386 711 425 illa
740 387 943 425 moenium
973 398 1165 424 novorum
1196 385 1379 424 affectum
1411 397 1510 429 esse,
1544 389 1754 434 antequam
1773 384 1918 424 Navam
1946 390 2074 424 trans-

357 452 654 507 grederetur4),
695 454 800 493 unde
840 454 1064 492 efficeretur
1101 454 1283 503 Bingium
1323 454 1403 491 sive
1442 453 1606 491 Vincum
1643 453 1804 492 Ausonii
1840 458 2019 505 tempore
2058 468 2079 493 a

358 525 495 564 dextra
533 528 645 575 parte
677 522 849 561 ssuminis
890 523 1007 561 situm
1046 523 1181 561 fuisse.
1244 522 1353 560 Idem
1389 522 1447 559 vir
1487 520 1626 559 doctus
1664 526 1795 559 tamen
1827 526 1948 566 errat,
1990 534 2078 560 611111

359 597 517 632 censeat
547 591 651 643 apud
673 591 853 630 Tacitum
876 602 1033 641 quoque
1063 589 1138 629 hoc
1169 589 1270 628 latus
1292 589 1613 646 intellegendum.
1632 601 1730 627 esse.
1784 589 1951 629 Tantum
1977 591 2079 629 enim

358 661 470 700 abest
499 664 543 699 ut
574 665 740 711 uterque
770 659 882 698 locus
914 663 953 697 et
982 658 1146 698 Ausonii
1178 662 1215 695 et
1245 658 1369 696 Taciti
1400 670 1420 696 e
1450 662 1585 696 nostra
1617 656 1875 707 explicatione
1904 659 2007 696 inter
2039 670 2080 697 se

357 733 547 781 pugnent,
581 733 624 767 ut
654 727 922 779 pulcherrime
952 728 1057 765 inter
1089 738 1130 765 se
1162 725 1361 764 conciliari
1392 727 1555 777 possint.
1610 725 1707 763 Nam
1739 725 1941 765 castellum
1971 726 2078 770 illud,

359 797 464 848 quod
496 810 516 835 a
547 796 696 834 Tutore
726 795 955 840 tenebatur,
988 807 1069 833 non
1099 795 1229 832 minus
1259 798 1368 832 recte
1399 794 1579 843 Bingium
1611 798 1767 844 poterat
1797 793 1893 838 dici,
1936 795 2080 846 quippe

361 865 466 916 quod
499 877 519 903 e
551 865 808 902 munimentis
839 863 973 915 oppidi
1006 867 1121 907 esset,
1156 874 1273 912 quam
1304 861 1401 900 urbs
1431 863 1514 913 ipsa
1546 861 1593 901 ab
1625 862 1747 901 altera
1777 866 1889 913 parte
1911 862 2083 902 fluminis

362 924 533 973 tantulae
565 931 780 971 latitudinis
812 933 903 975 sita;
946 943 989 970 ea
1028 935 1160 970 autem
1199 931 1422 981 posteriore
1460 935 1639 981 tempore
1671 934 1784 969 aucta
1815 935 1854 969 et
1884 944 1905 970 a
1934 930 2083 970 Iuliano

360 1016 391 1041 a.
428 1004 508 1045 359
539 1001 649 1039 novis
680 1000 887 1051 praesidiis
927 1003 965 1037 et
1006 999 1261 1038 munimentis
1298 996 1489 1048 firmata-²³)
1522 999 1684 1038 Ausonii
1722 1003 1900 1050 tempore
1937 1000 2083 1050 princi-

360 1083 451 1122 pem
482 1069 613 1108 locum
645 1068 866 1112 obtinebat,
911 1073 955 1107 ut
997 1072 1139 1119 poetae
1178 1068 1352 1106 animum
1383 1066 1443 1105 vel
1480 1067 1648 1105 maxime
1679 1068 1719 1105 in
1751 1079 1793 1106 se
1824 1071 2083 1111 converteret,

362 1151 451 1177 cum
484 1136 687 1176 castellum
719 1136 815 1175 illud
847 1136 906 1174 vel
939 1135 1162 1186 neglectum
1193 1134 1254 1173 vel
1284 1134 1387 1173 haud
1420 1135 1498 1173 scio
1531 1148 1579 1173 an
1609 1147 1775 1186 prorsus
1799 1135 2000 1174 desertum
2029 1137 2083 1174 ia-

363 1210 481 1250 ceret,
516 1210 559 1244 ut
590 1206 963 1243 commemoratione
995 1205 1057 1242 vix
1090 1204 1251 1254 dignum
1281 1203 1493 1241 videretur.
1557 1203 1663 1249 Quae
1696 1203 1837 1242 deinde
1869 1208 2086 1255 sequuntur

363 1275 547 1323 aequam
564 1274 700 1312 Latias
730 1274 797 1311 ubi
823 1274 1022 1322 quondam
1050 1273 1178 1311 Gallia
1209 1272 1378 1321 Cannas,
1411 1282 1487 1321 quo
1518 1283 1634 1309 versu
1655 1283 1824 1322 pugnam
1846 1271 1951 1311 illam
1982 1272 2086 1311 hello

362 1343 543 1382 Batavico
576 1342 826 1380 commissam
857 1341 1067 1392 significat,
1111 1352 1201 1379 cave
1232 1352 1281 1378 ne
1317 1341 1369 1378 ita
1400 1341 1684 1391 interpretere,
1726 1345 1770 1378 ut
1805 1339 1896 1378 inde
1928 1340 2086 1391 colligas

362 1411 580 1450 Ausonium
622 1422 707 1448 eam
747 1409 860 1449 alteri
898 1411 1027 1461 ripae,
1069 1409 1231 1448 dextrae
1270 1407 1438 1452 scilicet,
1481 1408 1692 1458 assignare.
1757 1408 1852 1454 Quis
1892 1410 1994 1447 enim
2029 1413 2088 1447 est

363 1480 456 1530 quin
490 1478 628 1522 videat,
662 1490 703 1516 ea
738 1477 785 1516 ad
817 1478 1035 1516 orationem
1059 1476 1372 1527 exaggerandam
1405 1481 1443 1514 et
1463 1475 1777 1527 amplificandam
1800 1474 1999 1515 rhetorice
2021 1476 2086 1515 ad-

362 1548 465 1586 iecta
497 1559 596 1591 esse,
631 1558 718 1601 cum
752 1549 867 1597 poeta
899 1546 947 1583 de
979 1545 1066 1584 loco
1097 1544 1239 1597 proelii
1260 1556 1339 1582 non
1361 1545 1412 1582 ita
1444 1543 1634 1582 sollicitus
1656 1545 1696 1582 in
1717 1545 1945 1583 universum
1967 1545 2083 1594 signi-

364 1616 481 1654 ficare
507 1614 636 1659 vellet,
669 1614 866 1664 insignem
891 1626 977 1652 esse
1008 1615 1213 1664 regionem
1244 1612 1348 1651 illam
1371 1614 1478 1663 gravi
1508 1611 1661 1663 proelio
1691 1613 1797 1651 inter
1820 1612 2019 1651 Romanos
2051 1616 2089 1651 et

366 1682 495 1721 Gallos
527 1682 723 1734 quondam
756 1683 986 1725 commisso;
1023 1682 1166 1719 etenim
1191 1682 1223 1719 si
1243 1680 1341 1719 haec
1363 1681 1492 1719 omnia
1514 1680 1561 1718 ad
1584 1693 1761 1719 normam
1783 1693 1924 1731 prosae
1946 1681 2088 1720 oratio-

366 1752 425 1789 nis
458 1752 614 1800 exigere
648 1750 754 1795 velis,
789 1750 1030 1789 censendum
1053 1751 1128 1788 erit
1150 1750 1266 1787 etiam
1287 1753 1369 1787 tum
1392 1761 1464 1800 per
1494 1761 1652 1800 campos
1684 1761 1852 1800 corpora
1883 1761 2089 1789 caesorum

367 1824 487 1858 strata
518 1819 699 1862 iacuisse,
734 1830 823 1856 cum
844 1830 876 1856 v.
902 1822 926 1859 4
949 1818 1066 1857 dicat:
1099 1819 1332 1866 inflelaeque
1359 1819 1490 1856 iacent
1518 1819 1651 1866 inopes
1677 1829 1798 1866 super
1828 1829 1927 1856 arva
1955 1822 2091 1856 catera

369 1899 450 1934 vae,
483 1886 625 1938 quibus
647 1885 777 1926 verbis
799 1885 895 1925 nihil
924 1886 1024 1925 aliud
1055 1885 1137 1924 vult
1165 1885 1374 1935 designare
1404 1886 1480 1924 nisi
1510 1898 1675 1937 corpora
1696 1898 1824 1937 neque
1846 1892 1940 1924 tunc
1962 1897 2090 1936 neque

366 1961 503 2007 postea
534 1956 647 1994 iustis
677 1956 716 1993 in
748 1954 941 2006 sepulcris
972 1954 1127 1993 condita
1150 1954 1291 1998 fuisse,
1326 1966 1372 1991 ex
1403 1955 1619 1993 imitatione
1651 1953 1810 2004 Vergilii
1841 1954 1943 2005 apud
1974 1966 2089 2005 quem

370 2029 429 2062 est
459 2025 553 2062 Aen.
588 2026 625 2067 6,
660 2026 739 2066 325
771 2024 872 2062 haee
901 2025 1025 2062 omnis
1062 2046 1108 2050 —
1141 2025 1254 2071 inops
1284 2023 1568 2071 inhumataque
1596 2022 1712 2060 turba
1739 2027 1806 2072 est,
1839 2026 1877 2060 et
1905 2023 1998 2061 Aen.
2025 2025 2089 2065 11,

370 2095 451 2135 372
479 2103 558 2136 nos,
591 2094 748 2130 {mimae
778 2094 881 2139 viles,
910 2092 1118 2130 inhumata
1142 2092 1354 2139 infletaque
1381 2091 1507 2129 turba.
1558 2089 1676 2128 Plura
1707 2091 1874 2129 sortasse
1906 2089 2090 2127 adderem

370 2160 418 2198 de
450 2159 534 2198 aliis
566 2159 750 2198 Mosellae
781 2157 941 2211 locisss);
977 2159 1046 2198 sed
1078 2172 1168 2198 cum
1189 2159 1232 2198 P.
1256 2158 1346 2198 Chr.
1373 2158 1653 2208 Sternhergius
1683 2170 1838 2197 mecum
1870 2157 2088 2196 communi-

372 2228 530 2272 caverit,
565 2240 606 2266 se
636 2228 677 2266 in
708 2229 865 2267 scriniis
904 2228 984 2267 suis
1023 2227 1234 2266 editionem
1265 2226 1451 2266 Mosellae
1482 2226 1593 2265 brevi
1623 2227 1867 2277 prodituram
1898 2225 2091 2264 reclusam

372 2308 540 2338 servare,
574 2308 678 2334 nunc
708 2296 867 2347 quidem
899 2295 971 2334 hac
1003 2308 1095 2334 cura
1127 2294 1388 2346 supersedeo;
1421 2293 1531 2346 lubet
1561 2298 1690 2333 tamen
1713 2294 1904 2346 quaedam
1926 2305 2090 2333 mouere

372 2364 420 2402 (16
451 2363 547 2402 locis
578 2363 752 2408 duobus,
787 2377 885 2415 quos
915 2363 1020 2402 idem
1053 2362 1335 2413 Sternhergius
1365 2364 1405 2401 in
1436 2347 1568 2401 libello
1600 2375 1717 2414 quem
1747 2363 1949 2414 inscripsit
1979 2361 2089 2400 ‘Bei-

375 2435 482 2481 trage
504 2444 574 2470 zur
597 2430 764 2470 altesten
786 2431 1048 2470 Rheinischen
1072 2430 1321 2470 Geschichte'
1356 2431 1483 2483 (Trev.
1510 2430 1632 2481 1853)
1664 2434 1890 2481 pertractat,
1923 2441 2092 2481 quorum

373 2500 483 2550 prior
517 2504 574 2538 est
605 2511 637 2538 v.
672 2502 752 2541 367
785 2512 863 2549 sq.:

744 2580 912 2627 Naviyer
933 2582 1121 2617 undisona
1142 2581 1283 2616 dadam
1305 2590 1361 2615 me
1384 2581 1476 2615 mole
1501 2579 1672 2615 Saravus

750 2648 840 2683 Tota
863 2652 962 2683 veste
984 2653 1110 2693 vocat,

376 2724 443 2763 ubi
473 2724 590 2763 verba
623 2724 757 2763 ultima
789 2724 939 2764 collatis
971 2725 1067 2763 locis
1097 2726 1190 2763 Aen.
1226 2729 1262 2770 S,
1296 2728 1387 2769 712,
1422 2724 1488 2763 Ov.
1524 2737 1647 2762 amor.
1681 2728 1717 2768 3,
1751 2727 1774 2765 2
1808 2723 1856 2774 (el
1884 2724 1975 2761 dale
2005 2725 2092 2761 iac-

466 2869 492 2911 4)
521 2872 655 2901 Extant
680 2871 823 2912 quidem
847 2870 935 2911 loci,
969 2871 1099 2912 quibus
1130 2871 1364 2913 participium
1396 2870 1551 2912 perfecti
1584 2870 1787 2911 praesentis
1819 2869 1937 2900 locum
1968 2871 2092 2900 tenere

378 2916 556 2956 videatur,
585 2917 647 2947 sed
675 2927 719 2947 ea
745 2917 912 2958 exempla
939 2917 984 2947 ad
1008 2927 1128 2958 pauca
1153 2917 1267 2948 verba
1292 2916 1471 2957 recidunt,
1498 2918 1537 2946 ut
1562 2920 1666 2954 ratas,
1692 2917 1792 2955 fisus,
1825 2916 1982 2955 confisch,
2009 2914 2080 2945 veri

379 2967 429 2992 lus
455 2965 542 2995 cett.

467 3006 492 3047 ⁵)
520 3007 729 3038 Ammianus
756 3007 868 3038 Marc.
896 3008 954 3046 18,
981 3008 1018 3038 2:
1045 3011 1077 3037 et
1108 3008 1259 3038 civitates
1290 3010 1475 3047 occupatae
1505 3010 1582 3037 sunt
1604 3010 1747 3045 septem,
1782 3008 1896 3035 eastra
1920 3004 2091 3042 Herculis,

381 3052 673 3094 Quadribm‘yizmz,
704 3052 922 3090 Tricas-imae,
948 3052 1139 3090 Novesimn,
1164 3052 1302 3085 Bonna,
1330 3051 1541 3082 Antunaezcm
1565 3054 1597 3081 ct
1621 3050 1755 3091 Binyz'o.

467 3096 495 3137 6)
530 3098 571 3128 In
602 3108 709 3129 versu
734 3099 799 3128 ⁶216
829 3109 893 3139 per
916 3097 1055 3129 Averna
1077 3100 1238 3129 sonantia
1261 3097 1395 3138 cymbae
1426 3096 1535 3126 miror
1565 3095 1663 3127 viros
1695 3095 1818 3125 doctos
1845 3094 1881 3124 in
1908 3093 2092 3125 adiectivo

379 3143 535 3173 samnitia
559 3142 711 3173 haerere
738 3146 774 3173 et
800 3143 843 3174 ad
868 3143 992 3175 varias
1016 3142 1339 3184 interpretationes
1365 3141 1578 3183 confugereg
1613 3142 1737 3181 aperte
1765 3139 1859 3170 enim
1884 3138 1942 3170 hic
1968 3148 2092 3170 versus

383 3187 481 3218 fluxit
507 3197 549 3218 ex
576 3188 779 3219 imitatione
806 3187 960 3230 Vergilii
983 3187 1073 3219 Aen.
1099 3189 1130 3228 3,
1155 3188 1220 3218 442
1246 3192 1278 3218 el
1296 3187 1433 3219 Averna
1449 3187 1604 3218 sonantia
1619 3185 1720 3217 silvis.
