2330 3606
409 158 492 199 336
717 161 755 196 11.
789 163 825 197 Α.
860 159 992 197 ROCH:
1026 159 1323 196 CONIECTANEA
1350 159 1389 195 ΙΝ
1420 159 1589 196 POETAS
1620 158 1814 196 LATINUS.

523 274 602 311 Vox
625 284 796 322 quoque,
831 284 905 322 qua
927 273 1060 311 nescio
1083 284 1130 311 an
1152 271 1363 321 significari
1386 269 1577 309 voluerint
1597 271 1853 322 interpretes:
1887 270 2121 322 simulatque

410 342 632 392 accepimus
663 353 795 392 grana,
830 341 1014 379 continuo
1046 352 1191 378 numen
1223 339 1436 382 sensimus,
1470 343 1606 377 contra
1637 337 1761 378 Latini
1792 340 1985 378 sermonis
2005 350 2122 378 usum

410 409 540 448 verbis
578 411 766 448 sensimus
797 410 966 457 acceptis
1006 419 1168 457 numen,
1209 407 1351 456 quihus
1389 407 1581 445 sententia
1620 407 1800 446 omnibus
1840 408 2014 445 numeris
2054 406 2119 445 ab·

409 477 533 515 soluta
573 478 815 521 continetur,
856 475 1053 515 adhaeret.
1123 474 1383 514 Scribendum
1417 479 1491 512 est:
1533 476 1730 513 Sensimus
1768 476 1938 524 acceptis
1967 485 2121 513 numen.

408 547 517 583 nive
549 547 694 594 partor
736 545 871 583 aether
908 545 1055 589 Falsa,
1105 544 1152 581 ef.
1194 547 1284 581 met.
1329 545 1373 586 8,
1408 545 1487 585 373
1539 543 1625 580 nive
1669 543 1968 581 candidioribus
2012 543 2123 580 ambo

418 613 680 651 sectabantur
703 614 823 661 equis.

465 728 559 764 Artis
581 730 621 767 3,
644 730 728 763 241:
761 727 932 767 Devovet,
954 731 994 762 ut
1016 727 1134 773 tanyit
1154 726 1324 761 dominae
1345 729 1472 771 eaput,
1494 726 1559 760 illa
1580 726 1763 771 simulque

813 795 945 831 Plorat
966 799 1001 830 et
1020 795 1162 830 invisas
1181 794 1470 840 sanquinolenta
1490 803 1626 829 eomas.

519 890 555 923 et
592 897 679 923 eum
719 888 969 922 mutaverunt
998 883 1038 920 in
1070 882 1126 919 ad
1152 881 1213 919 vel
1244 883 1283 919 in
1315 881 1505 925 editores,
1539 882 1643 920 vocis
1674 881 1853 933 plorandi
1884 885 2121 921 structuram

406 965 571 1004 prorsus
601 953 826 991 inusitatam
856 955 995 1002 poetae
1027 950 1302 993 obtruserunt,
1337 961 1408 987 nec
1430 953 1559 987 tamen
1581 948 1898 998 languidissimae
1930 950 2033 987 vocis
2063 951 2121 988 si—

405 1023 561 1068 mulque
596 1022 636 1058 in
669 1019 740 1058 liae
771 1019 940 1057 duorum
973 1018 1183 1056 verborum
1224 1017 1379 1055 devovet
1416 1022 1453 1055 et
1488 1019 1622 1065 plorat
1651 1018 1925 1056 coniunctione
1957 1016 2119 1055 difficul-

407 1093 525 1126 tatem
563 1087 822 1126 sustnlerunt.
897 1067 1157 1124 Scribefldum
1199 1090 1275 1123 est:
1310 1086 1494 1134 Devovet,
1532 1090 1575 1123 ut
1610 1087 1738 1133 tcmqit
1773 1086 1953 1124 dominae
1988 1090 2120 1134 eaput,

406 1158 474 1195 illa
512 1158 735 1205 capillos
773 1155 912 1192 Plorat
943 1159 980 1192 et
1016 1155 1162 1192 invisas
1195 1154 1496 1200 sanyue'nolenta
1529 1164 1673 1192 eomas.
1743 1152 1879 1204 Capilli
1918 1158 1955 1192 et
1985 1166 2120 1192 comae

406 1223 585 1262 similiter
626 1224 920 1272 coniunguntur
960 1233 1048 1272 epp.
1091 1233 1137 1258 ex
1176 1221 1301 1259 Ponto
1342 1224 1386 1265 3,
1420 1224 1463 1265 3,
1507 1225 1556 1263 15
1595 1232 1667 1260 nee
1705 1226 1879 1270 torquem
1914 1223 2012 1261 eollo
2050 1233 2122 1260 nee

404 1292 552 1330 habens
580 1293 734 1330 crinale
763 1291 918 1339 capillis
947 1290 1026 1328 Nee
1051 1289 1145 1327 bene
1177 1290 1385 1338 dispositas
1414 1294 1588 1338 comptas
1615 1293 1657 1326 at
1685 1294 1776 1328 ante
1805 1300 1950 1329 comas.

462 1397 557 1432 Artis
580 1398 618 1436 3,
640 1397 723 1430 341:
756 1395 876 1441 Atque
898 1395 1034 1441 aliquis
1054 1394 1168 1429 dicet.-
1190 1395 1312 1429 nostrz'
1330 1393 1408 1439 leye
1429 1393 1532 1429 culta
1552 1394 1725 1439 maqistri

841 1462 1039 1504 Carmina,
1063 1463 1146 1507 qais
1160 1465 1297 1507 partes
1317 1461 1473 1496 instruit
1491 1461 1553 1496 ille
1573 1461 1682 1496 duas.

754 1529 855 1566 Deve
877 1531 996 1565 tribas
1017 1530 1121 1564 libris
1142 1530 1272 1564 titulus
1293 1538 1387 1575 quos
1405 1529 1529 1574 siynat
1549 1528 1731 1565 Amorum

719 1585 726 1593 ’
838 1598 944 1644 Eliye
965 1598 1066 1644 qaod
1085 1598 1197 1632 docili
1216 1597 1375 1632 molliter
1397 1606 1461 1632 ore
1482 1597 1597 1642 leyas.

519 1675 833 1715 Infelicissimam
864 1674 943 1712 dixi
975 1675 1261 1718 coniecturam,
1295 1684 1370 1722 qua
1400 1672 1441 1710 L.
1466 1672 1680 1712 Muellerus
1712 1686 1743 1712 V.
1769 1677 1848 1716 343
1881 1675 2118 1725 scripturam

406 1744 552 1783 codicis
584 1745 798 1782 dez'eeerem
828 1743 939 1781 libris
969 1742 1132 1780 mutavit
1161 1743 1201 1780 in
1232 1741 1336 1779 Deve
1360 1746 1469 1779 tener
1498 1741 1628 1787 libris,
1665 1742 1706 1779 in
1738 1753 1907 1780 censura
1937 1741 2118 1780 editionis

405 1813 622 1851 carminum
654 1811 779 1849 Ovidii
810 1811 1091 1848 amatoriorum
1131 1808 1336 1847 annalibus
1374 1807 1657 1848 Muetzellianis
1698 1812 1804 1852 1862
1846 1822 1882 1861 p.
1917 1813 1995 1851 401
2030 1821 2114 1860 sqq.

403 1882 571 1924 inserta,
612 1879 715 1929 quod
754 1878 986 1918 adieetivum
1019 1882 1126 1916 tener
1157 1889 1245 1915 cum
1279 1888 1371 1914 voce
1402 1877 1534 1914 taulus
1564 1877 1747 1927 coniungi
1779 1889 1869 1916 sana
1908 1878 2007 1916 ratio
2039 1890 2117 1916 non

402 1949 561 2000 patitur.
623 1948 759 1997 Neque
797 1958 920 1989 nunc,
953 1949 1160 1996 postquam
1192 1946 1232 1982 in
1270 1944 1447 1982 vindieiis
1479 1944 1674 1984 Ovidianis
1714 1957 1813 1984 mus.
1847 1944 1958 1984 rhen.
1995 1950 2046 1988 17
2077 1958 2113 1996 p.

403 2019 484 2059 522
515 2027 599 2065 sqq.
641 2020 777 2054 auctor
806 2015 1006 2052 inventum
1037 2025 1152 2052 suum
1183 2011 1396 2050 defendere
1426 2016 1588 2050 conatus
1616 2017 1692 2055 est,
1726 2013 1959 2051 sententiam
1996 2017 2116 2051 muto.

405 2083 481 2122 Sed
512 2082 616 2133 quod
646 2082 791 2121 ibidem
830 2082 908 2120 dixi
939 2081 1061 2119 videri
1098 2082 1138 2118 in
1179 2079 1330 2130 vulgata
1360 2080 1463 2118 Deve
1492 2080 1614 2118 tribas
1642 2081 1752 2118 libris
1787 2080 2117 2130 acquiescendum

404 2164 510 2196 esse,
550 2152 626 2190 iam
658 2156 805 2189 certam
835 2150 911 2188 loci
933 2148 1244 2188 emendationem
1266 2148 1461 2186 invenisse
1489 2147 1624 2185 videor
1655 2147 1773 2186 hane:
1817 2149 1900 2186 Vel
1925 2149 1981 2187 de
2004 2159 2119 2186 ear-

403 2222 464 2258 mi
472 2232 496 2257 n
507 2219 630 2268 ihus,
669 2221 801 2258 taulus
837 2230 964 2267 quae
990 2219 1124 2265 siqnat
1160 2218 1362 2262 Amorum,
1400 2215 1516 2263 Eliye
1560 2216 1666 2263 quod
1700 2216 1820 2254 docile·
1854 2217 2019 2254 molliter
2052 2226 2119 2253 ore

403 2290 523 2336 leqas.

461 2391 557 2426 Artis
578 2393 615 2430 3,
639 2393 721 2425 375:
755 2389 920 2425 Crimina
940 2390 1138 2431 dicuntur,
1162 2392 1314 2424 resonat
1331 2387 1559 2423 clamoribus
1579 2387 1721 2427 aether,

838 2456 996 2493 Invocat
1015 2458 1134 2492 iratos
1154 2460 1189 2491 et
1208 2456 1279 2491 sibi
1297 2457 1454 2502 quisque
1471 2456 1560 2490 deos
1569 2469 1581 2490 .-

754 2525 870 2560 Nulla
889 2525 985 2570 fides
1006 2525 1172 2566 tabulae,
1195 2533 1293 2569 qaae
1314 2534 1388 2559 non
1402 2533 1478 2569 per
1498 2527 1583 2558 vota
1598 2526 1805 2568 peluntur!

516 2614 654 2653 Merito
685 2612 896 2651 Merkelius
927 2624 1083 2651 versum
1115 2614 1195 2654 377
1227 2615 1317 2650 nota
1349 2611 1525 2661 signavit,
1559 2622 1647 2649 cum
1680 2610 1755 2648 diei
1785 2615 1966 2660 nequeat,
1999 2621 2113 2660 quam

404 2681 585 2732 languida
616 2682 694 2719 sint
721 2679 839 2718 verba
870 2691 971 2727 qaae
1000 2691 1076 2717 non
1099 2691 1178 2728 per
1206 2687 1293 2717 vota
1321 2683 1508 2727 petantur
1531 2683 1619 2729 post
1651 2677 1805 2728 singula
1835 2678 1976 2716 mentis
2008 2690 2112 2715 com-

404 2755 532 2788 motae
562 2749 702 2787 indicia
732 2747 910 2786 versibus
941 2748 1129 2797 proximis
1161 2751 1476 2785 commemorata.
1540 2746 1629 2783 Veri
1659 2745 1880 2784 inveniendi
1910 2746 1968 2783 via
1999 2756 2112 2795 repe-

404 2817 519 2856 tenda
552 2821 611 2855 est
642 2828 689 2854 ex
719 2815 806 2853 loeo
838 2815 904 2864 qui
934 2813 1077 2863 legitur
1117 2826 1176 2864 ep.
1213 2819 1284 2858 15,
1320 2818 1417 2856 104:
1459 2825 1530 2852 nee
1556 2815 1671 2862 potue·
1707 2813 1848 2851 debere
1884 2813 1980 2868 mg'ltt'
2006 2823 2113 2860 spem

404 2887 558 2932 longst‘us
592 2886 705 2923 istam
744 2884 937 2921 Caerulea
963 2887 1135 2929 peterem
1170 2884 1265 2929 quin
1291 2893 1378 2919 mea
1406 2883 1597 2930 volaria,
1636 2880 1739 2918 unde
1778 2879 1986 2917 verborum
2026 2885 2113 2917 vota

400 2957 591 3001 petuntur
629 2951 910 3001 significatione
949 2953 1059 2987 eruta
1107 2954 1236 2987 cetera
1278 2950 1330 2988 ita
1369 2948 1604 2987 scribemus:
1652 2948 1774 2986 Nulla
1807 2947 1908 2993 sides
1945 2946 2113 2993 tabulae,

405 3031 495 3068 quo
523 3025 740 3068 tempore
769 3022 855 3057 vota
882 3020 1082 3066 petuntur.

461 3124 558 3159 Artis
580 3125 617 3163 3,
639 3124 724 3158 591:
755 3122 853 3158 Dum
874 3121 977 3157 cadit
995 3121 1035 3155 in
1054 3120 1209 3165 laqueos
1228 3124 1364 3167 eaptus
1384 3130 1531 3166 qaoque
1551 3128 1676 3165 nuper
1696 3122 1854 3158 amator,

836 3188 962 3225 Solam
982 3198 1022 3224 se
1043 3187 1226 3223 thalamos
1245 3192 1371 3234 speret
1390 3187 1527 3222 habere
1549 3191 1642 3222 tuos.
