2330 3606
395 166 477 207 326
701 169 739 204 ll.
773 170 810 204 A.
844 168 978 204 KOCH:
1010 167 1308 203 CoNlECTANEA
1340 167 1381 202 IN
1411 166 1580 203 POETAS
1610 166 1806 203 LATINOS.

453 286 491 323 4,
521 285 579 326 18,
606 285 640 317 l:
679 282 839 318 Clausus
861 281 906 316 ab
928 282 1104 317 umbroso
1124 292 1199 327 qua
1221 280 1316 316 ludit
1334 283 1471 326 pontus
1492 280 1661 322 Averno,

779 350 943 385 Fumida
964 350 1152 385 Baiarum
1173 353 1309 395 stagna
1332 349 1489 393 tepentis
1509 359 1650 394 aquae,

685 418 767 462 Qua
788 419 883 453 iacet
905 422 939 453 et
965 418 1100 453 Troiae
1122 418 1269 453 tubicen
1290 415 1460 451 Misenus
1481 426 1620 458 arena,

782 486 832 521 Et
851 493 961 521 sonat
982 485 1174 521 Herculeo
1195 488 1342 520 structa
1363 483 1491 519 labore
1513 485 1591 526 via,

683 554 757 590 Hic
780 554 859 598 ubi,
881 554 1051 589 mortalis
1072 554 1209 589 dextra
1231 563 1315 587 cum
1338 556 1542 597 quaereret
1563 552 1694 595 urbe-5,
1927 557 1947 590 5

783 621 962 668 Cymbala
986 621 1161 656 Thebano
1181 629 1439 666 concrepuere
1460 620 1528 655 cleo

686 690 749 729 (At
771 701 892 731 nime,
915 690 1054 725 invisae
1077 700 1211 735 mayno
1233 700 1317 724 eum
1339 689 1494 723 crimine
1517 688 1658 730 Baiae,

784 757 875 801 Quis
895 758 988 793 cleas
1007 758 1046 792 in
1068 761 1193 793 vestra
1214 757 1381 792 constitit
1398 756 1514 792 hostis
1535 767 1635 801 aqua
1647 758 1675 802 ?)
1688 784 1696 799 ‚

688 826 759 861 His
774 835 938 872 pressus
960 825 1112 872 Stygias
1134 826 1274 861 vallam
1296 825 1440 860 demisit
1460 825 1499 859 in
1521 825 1663 863 undas,

783 894 906 929 Errat
927 898 963 929 et
982 895 1020 929 in
1044 897 1167 930 vestro
1188 894 1346 938 spiritus
1366 893 1427 928 ille
1450 893 1551 928 lacu.
1911 894 1953 927 10

530 972 782 1010 Verissimam
827 970 968 1009 horum
1013 982 1199 1008 versuum
1245 969 1610 1019 distinguendorum
1658 970 1852 1007 rationem
1902 981 1922 1007 a
1966 969 2119 1015 Iacobo,

403 1037 672 1083 Lachmanno,
705 1039 873 1089 Hauptio
904 1038 1114 1077 indicatam
1145 1038 1286 1076 iniuria
1325 1036 1572 1088 parenthesis
1609 1037 1730 1086 signis
1759 1036 1921 1075 sublatis
1951 1036 2120 1088 relique-

403 1110 498 1144 runt
527 1106 809 1156 Hertzbergius
841 1111 880 1144 et
909 1105 1069 1145 Keilius.
1132 1105 1309 1144 Primum
1341 1106 1446 1143 enim
1489 1104 1672 1155 apodosis
1711 1116 1805 1142 voce
1843 1110 1885 1143 at
1921 1109 2120 1156 concepta,

402 1174 638 1224 praesertim
671 1175 871 1212 enuntiato
903 1175 943 1212 in
972 1174 1294 1223 interrogationis
1324 1173 1491 1211 sormam
1523 1184 1731 1219 converso⁷
1770 1171 1817 1211 ab
1849 1184 1923 1211 usu
1953 1172 2121 1223 Proper-

407 1242 512 1279 tiano
558 1254 725 1292 prorsus
771 1241 895 1280 aliena
940 1241 1216 1291 indignationis
1254 1240 1459 1280 cuiusdam
1497 1240 1651 1279 fervore
1692 1252 1737 1278 eo
1776 1241 1907 1278 minus
1945 1242 2124 1279 excusari

408 1308 594 1353 debebat,
643 1309 746 1358 quod
787 1309 944 1347 sedatus
983 1309 1139 1359 quidam
1180 1313 1219 1347 et
1256 1308 1457 1347 sollemnis
1496 1307 1708 1346 maiestatis
1746 1307 1887 1358 plenus
1932 1309 2126 1347 sermonis

408 1382 522 1414 tenor
557 1378 721 1415 carmini
752 1376 911 1427 lugubri
942 1376 1375 1415 accommodatissimus
1413 1375 1473 1414 his
1503 1376 1641 1426 primis
1672 1375 1850 1414 versibus
1889 1376 2126 1426 conspicuus

410 1448 479 1482 est.
525 1444 600 1482 Sed
632 1446 788 1494 gravius
820 1446 935 1483 etiam
967 1445 1118 1484 accedit
1149 1446 1301 1488 vitium,
1336 1443 1441 1493 qnod
1472 1442 1597 1481 tribus
1628 1443 1771 1493 prioris
1793 1444 1981 1482 enuntiati
2002 1455 2125 1482 mem-

409 1512 490 1550 bris
522 1511 726 1562 particulis
764 1524 863 1561 qua,
901 1525 999 1560 qua,
1037 1514 1102 1551 llic
1139 1512 1365 1562 significatis
1402 1512 1535 1561 inepte
1573 1510 1853 1561 responderet,
1896 1510 2001 1560 quod
2038 1523 2126 1549 cum

410 1581 536 1630 primo
569 1584 721 1618 tantum
753 1585 1002 1630 congrueret.
1046 1580 1191 1620 Contra
1223 1581 1255 1618 si
1285 1578 1468 1630 apodosis
1500 1577 1678 1617 versibus
1706 1582 1730 1621 9
1754 1582 1792 1616 et
1814 1581 1865 1619 10
1888 1579 2126 1623 continetur,

409 1652 573 1698 apparet
611 1649 810 1698 aptissime
847 1653 1069 1687 accuratam
1115 1647 1294 1686 locorum
1340 1646 1647 1696 descriptionem
1694 1645 1740 1684 ad
1792 1647 1917 1696 ipsam
1955 1645 2129 1685 Marcelli

411 1721 579 1754 mortem
602 1716 755 1754 referri.
800 1717 936 1767 Neque
968 1728 1061 1754 sane
1093 1720 1152 1754 est
1182 1728 1252 1754 cur
1282 1713 1553 1766 parenthesim
1584 1713 1708 1758 illam,
1741 1713 1789 1752 ad
1810 1726 1926 1764 quam
1949 1715 2127 1765 superio-

411 1797 499 1823 rum
523 1789 561 1821 et
591 1785 827 1823 novissimae
857 1783 1086 1823 calamitatis
1120 1783 1346 1822 discrimine
1374 1781 1581 1832 cogitando
1611 1794 1681 1820 sua
1709 1786 1849 1832 sponte
1876 1786 1994 1832 poeta
2023 1781 2127 1821 dela-

413 1852 538 1895 bitur,
573 1852 775 1890 miremur.
820 1852 928 1898 Quae
960 1853 991 1890 si
1023 1863 1114 1890 vera
1145 1855 1255 1895 sunt,
1289 1850 1465 1899 quaestio
1498 1850 1674 1888 exoritur
1706 1849 1754 1887 de
1777 1861 1871 1887 voce
1901 1850 1979 1894 leis,
2012 1860 2129 1899 quam

412 1919 458 1957 ad
491 1920 602 1957 Baias
634 1920 799 1957 strictim
836 1920 876 1958 in
914 1919 1141 1969 parenthesi
1180 1922 1507 1957 commemoratas
1548 1917 1690 1956 referri
1728 1916 1854 1956 licere'
1888 1917 2129 1956 confidenter

414 2000 613 2037 negamus.
685 1986 760 2024 Sed
801 1988 952 2025 etiamsi
990 1986 1146 2031 liceret,
1188 1990 1400 2037 propterea
1443 1986 1538 2023 ferri
1577 1997 1656 2023 non
1700 1988 1854 2035 posset,
1897 1984 2001 2034 qnod
2039 1997 2128 2036 par-

415 2055 543 2093 ticulis
574 2054 649 2093 illis
682 2066 779 2103 qua,
806 2067 906 2102 qua,
944 2055 1008 2092 hie
1045 2055 1111 2092 ube·
1146 2052 1476 2105 praecedentibus
1514 2053 1653 2091 iterata
1691 2052 1766 2090 loci
1804 2053 2035 2102 significatio
2071 2054 2129 2091 in-

415 2127 502 2173 epta
534 2127 604 2159 est.
668 2122 803 2171 ltaque
837 2135 970 2161 vocem
1003 2126 1242 2173 corruptam,
1276 2133 1348 2172 pro
1380 2133 1455 2171 qua
1488 2120 1541 2159 Gr
1572 2119 1645 2158 Bis
1675 2119 1837 2165 habent,
1871 2125 1915 2159 ut
1945 2120 2129 2159 emende-

414 2203 520 2233 mus,
555 2190 794 2228 scribemus:
828 2190 926 2238 Sul)
934 2201 1146 2238 pressus
1178 2189 1336 2238 Slyyias
1369 2190 1513 2226 vultam
1553 2188 1705 2226 demisit
1740 2189 1780 2226 in
1808 2188 1950 2226 undas.
2009 2188 2130 2227 Paulo

417 2263 503 2308 post
535 2270 565 2295 v.
603 2261 651 2299 21
686 2258 767 2295 Sed
803 2264 932 2296 lamen
962 2258 1039 2296 hac
1075 2268 1222 2302 omnes,
1256 2257 1333 2295 huc
1367 2258 1519 2305 primus
1549 2261 1586 2293 ec
1617 2257 1773 2293 ultimus
1801 2256 1899 2293 ordo
1930 2256 2132 2294 verissime

416 2326 620 2363 lleinsinm
653 2325 792 2363 collato
824 2325 910 2364 loco
943 2325 1130 2364 Ovidiano
1162 2329 1252 2363 met.
1280 2328 1350 2368 10,
1375 2327 1427 2366 34
1458 2323 1650 2362 tendimus
1678 2323 1757 2361 huc
1782 2334 1923 2369 omnes,
1955 2324 2054 2362 haec
2078 2328 2135 2362 est

416 2394 551 2429 (lomus
588 2394 740 2436 alama,
782 2394 1017 2437 coniecisse,
1067 2405 1183 2443 qnam
1223 2391 1536 2430 emendationem
1576 2391 1820 2428 recentiores
1867 2390 2038 2430 editores
2083 2403 2132 2429 ne

417 2466 824 2498 coinmcmoravemnt
854 2461 1031 2510 quidem,
1065 2460 1206 2511 probat
1237 2471 1326 2497 cum
1357 2457 1546 2508 particula
1576 2458 1648 2496 sed
1676 2462 1806 2497 lamen
1836 2462 1926 2509 post
1955 2459 2132 2509 proxima

415 2529 568 2575 {onibus
594 2529 667 2565 ἰδία
695 2528 806 2566 dabis
837 2541 914 2566 non
945 2528 1127 2571 serenda,
1160 2531 1243 2565 tmn
1274 2526 1437 2565 verbnm
1468 2526 1665 2564 immerito
1698 2526 2032 2577 praetermissum.

474 2634 512 2671 4,
536 2634 597 2671 22,
619 2632 658 2667 3:
690 2630 903 2677 Dindymus
924 2635 958 2667 et
978 2640 1116 2667 sacrae
1132 2629 1329 2676 fabricata
1350 2631 1508 2665 iuvenca
1531 2629 1712 2676 Cybebae.

531 2719 583 2757 Ita
617 2720 784 2757 coniecit
814 2719 993 2763 Vossius;
1035 2718 1123 2757 GNr
1154 2718 1300 2757 habent
1337 2729 1483 2763 sacra,·
1522 2717 1622 2757 GNR
1652 2719 1833 2763 inventa,·
1870 2717 1902 2756 N
1931 2717 2068 2763 abele,
2101 2716 2132 2755 G

418 2788 595 2835 cybelae,
627 2788 658 2825 R
688 2787 846 2835 cybelle.
908 2788 1032 2825 Vossii
1064 2788 1330 2825 coniecturam
1362 2798 1449 2824 cun]
1481 2790 1646 2836 propter
1676 2797 1815 2823 vocum
1841 2795 1983 2823 sacrae
2011 2788 2048 2822 et
2064 2784 2133 2832 fa-

420 2857 572 2893 bric-ala
604 2856 832 2905 pravitatem
865 2859 946 2892 tum
979 2858 1141 2905 propter
1171 2855 1376 2893 iuvencam
1407 2867 1426 2892 a
1459 2853 1602 2905 Cybele
1634 2853 1799 2891 alienam
1836 2851 2134 2903 improbandam

422 2937 507 2960 esse
550 2923 640 2960 vidit
674 2923 863 2973 llanptius
902 2922 1047 2974 (progr.
1082 2921 1211 2960 Bcrol.
1248 2925 1354 2964 1854
1394 2934 1430 2972 p.
1466 2919 1551 2970 13),
1586 2922 1651 2970 qui
1681 2924 1885 2971 praeterea
1916 2920 2134 2958 rectissime

422 2990 571 3034 (locuit,
606 3003 694 3027 cnm
726 2990 818 3039 quid
849 2990 888 3027 in
910 2989 1041 3027 Puccii
1073 2988 1206 3027 codice
1238 2990 1429 3039 scriptum
1459 2988 1597 3032 fuerit,
1629 2989 1823 3026 incertum
1855 2987 1914 3031 sit,
1947 2988 1987 3025 in
2018 2988 2131 3026 resti-

422 3058 566 3095 tuendo
607 3070 719 3095 versu
755 3070 774 3095 a
813 3057 893 3095 sola
925 3056 1163 3105 Groningani
1204 3061 1241 3094 ct
1271 3056 1514 3108 Neapolitani
1553 3055 1627 3093 fide
1665 3054 1994 3106 proficiscendum
2033 3067 2130 3093 esse.

424 3125 500 3162 Sed
533 3125 756 3163 coniectura
795 3136 910 3174 quam
948 3123 1131 3175 protulit:
1174 3125 1393 3173 Dindymus
1429 3128 1466 3162 et
1503 3134 1621 3161 sacra
1646 3122 1852 3170 fabricata
1893 3134 1913 3160 e
1951 3123 2024 3160 vite
2056 3122 2135 3171 Cy—

424 3192 531 3239 bebe,
563 3193 787 3231 narratione
817 3191 1012 3243 Apollonii
1041 3190 1183 3229 Rhodii
1216 3196 1250 3236 1,
1286 3194 1393 3233 1112
1424 3190 1588 3234 adscita,
1622 3189 1918 3228 commendatur
1949 3189 2015 3228 illa
2045 3190 2129 3239 qni-
