2330 3606
515 152 555 188 H.
586 152 624 186 A.
656 150 788 187 KOCH:
821 149 1115 186 CONIECTANEA
1147 148 1188 184 IN
1218 147 1386 183 POETAS
1416 145 1611 182 LATINUS.
1832 141 1911 182 347

209 274 401 307 amorem:
442 266 478 306 3,
512 267 554 305 5,
587 266 612 304 9
651 262 768 309 idque
797 272 933 299 recens
959 263 1164 309 praestas;
1205 262 1250 302 5,
1285 262 1328 301 4,
1363 262 1411 299 41
1454 268 1572 305 qnam
1604 257 1679 296 sibi
1699 257 1913 306 praestite-

208 334 285 379 ris,
325 342 402 380 qua
433 331 652 369 consolatus
679 330 846 367 amicum
882 328 943 366 Sis
970 339 1064 377 ope,·
1104 331 1148 370 5,
1183 329 1253 369 13,
1288 328 1339 366 12
1378 336 1536 373 remque
1571 327 1679 374 piam
1709 328 1913 374 praestas,-

209 411 297 450 epp.
332 411 378 437 ex
408 399 531 437 Ponto
563 401 600 441 4,
635 401 699 441 10,
733 400 782 439 81
821 397 892 434 secl
915 394 1184 445 praestandus
1211 404 1333 431 amor.

273 514 378 550 Trist.
409 516 446 552 2,
476 515 537 548 89:
575 512 623 548 At
643 512 807 551 memini,
831 512 1015 557 vitamque
1036 520 1155 545 meanz
1178 519 1374 554 moresque
1388 509 1583 555 probabas

660 579 730 616 Illo
752 589 860 625 quem
882 580 1044 615 dederas
1059 577 1340 624 praetereuntis
1360 587 1465 622 equo.

580 648 686 691 Quod
704 649 738 682 sz'
757 659 830 683 non
850 647 1003 693 prodest
1025 650 1059 682 et
1080 646 1224 680 honesti
1241 645 1368 690 qratia
1390 645 1494 679 nulla

668 714 873 757 Redditur,
898 719 936 750 at
957 715 1098 749 nullum
1120 714 1261 749 crimen
1284 713 1444 758 adeptus
1464 722 1583 748 eram.

318 805 523 843 Loersium
555 802 616 841 hic
648 814 804 853 quoque
835 803 883 840 de
923 803 1113 841 sententia
1153 813 1336 840 securum
1374 813 1452 838 non
1491 812 1643 843 moron
1683 799 1911 838 Merkelium

207 884 279 911 suo
309 873 394 910 iure
428 883 564 910 versus
594 875 645 914 91
679 876 713 909 et
745 874 798 913 92
830 883 918 909 cum
950 870 1120 908 Heinsiis
1152 875 1189 907 et
1219 868 1438 907 Schradero
1470 867 1582 906 obelo
1613 872 1770 906 notasse
1800 868 1913 906 iutel-

204 939 402 989 legemus,
444 940 476 977 si
507 938 762 988 cogitabimus
793 950 865 976 nec
895 938 1020 988 prosit
1061 950 1107 975 an
1139 949 1217 975 non
1249 936 1415 986 dignitas
1447 937 1641 985 equestris
1672 935 1733 973 hic
1765 937 1912 985 quaeri,

204 1020 277 1046 nec
307 1008 503 1045 honestum
534 1018 606 1057 pro
639 1005 878 1044 substantivo
912 1017 998 1042 esse
1029 1017 1165 1055 posse,
1207 1016 1278 1042 nec
1308 1004 1544 1042 locutionem
1575 1005 1721 1042 crimen
1748 1004 1918 1052 adipisci

205 1074 263 1113 vel
295 1074 518 1113 Ovidianam
557 1072 615 1111 vel
654 1074 811 1111 omnino
843 1072 1018 1111 Latinam
1058 1084 1156 1111 esse.
1220 1071 1480 1110 Scribendum
1521 1076 1597 1110 est:
1640 1071 1738 1117 Ouo
1775 1073 1811 1109 st
1838 1082 1915 1109 non

203 1144 394 1180 meritis
421 1146 458 1180 et
483 1142 703 1179 honestis
725 1142 861 1189 qratia
887 1141 1047 1187 sactis
1077 1140 1281 1187 Redditur,
1311 1144 1355 1177 at
1383 1141 1519 1177 nullo
1548 1140 1755 1178 crimine
1786 1140 1915 1188 adep-

203 1215 264 1250 tus
293 1221 417 1248 eram.
473 1209 670 1258 Significat
700 1213 826 1259 poeta,
861 1209 1010 1247 etiamsi
1043 1220 1186 1258 equum
1218 1207 1265 1246 ab
1296 1208 1470 1257 Augusto
1504 1208 1536 1245 ei
1569 1218 1799 1245 concessum
1830 1219 1911 1245 me-

203 1279 277 1316 rito
310 1277 477 1327 quodam
510 1276 697 1327 singulari
727 1281 931 1315 assecutus
962 1288 1041 1314 non
1074 1277 1142 1319 sit,
1181 1274 1349 1326 probare
1380 1281 1510 1313 tamen
1543 1287 1626 1314 eam
1657 1276 1839 1325 gratiam,
1873 1287 1914 1314 se

203 1345 357 1383 crimini
388 1344 601 1382 obnoxium
632 1356 711 1382 non
743 1344 884 1387 suisse;
928 1344 976 1381 cf.
1013 1347 1090 1386 159
1130 1345 1186 1382 sic
1225 1344 1312 1390 tibi,
1352 1354 1464 1391 quem
1492 1354 1646 1392 semper
1671 1343 1794 1390 factis
1809 1345 1913 1391 ¹ani-

201 1423 337 1460 moque
366 1413 548 1455 mereris,
580 1411 790 1449 Reddatur
816 1416 958 1459 qratae
989 1412 1138 1449 debitas
1168 1412 1274 1449 urbis
1306 1422 1428 1448 amor.

260 1527 364 1562 Trist.
389 1530 427 1566 2,
452 1528 533 1562 110:
656 1526 784 1562 Parva
807 1527 955 1572 quidem
970 1528 1108 1572 periit,
1130 1527 1198 1562 sed
1216 1528 1294 1561 sine
1316 1527 1397 1561 labe
1419 1527 1562 1562 domus.

575 1594 636 1630 Sic
658 1603 804 1640 quoqne
821 1606 948 1639 parva
970 1599 1112 1635 tamen,
1134 1595 1260 1639 patrio
1283 1595 1436 1630 dicatur
1459 1600 1497 1629 ut
1519 1605 1609 1630 aevo

659 1662 773 1697 Clara
796 1673 864 1698 nec
887 1664 998 1698 ullius
1020 1663 1209 1698 nobilitate
1231 1663 1373 1697 minor:

571 1731 619 1766 Et
641 1741 760 1776 neque
782 1731 917 1766 divitiis
938 1741 1007 1766 nec
1020 1734 1254 1776 paupertate
1275 1731 1442 1766 notanda

664 1797 768 1834 Vnde
789 1800 836 1834 sit
857 1799 894 1833 in
916 1803 1091 1833 nentrum
1113 1799 1402 1844 conspiciendus
1423 1808 1547 1844 eques.

312 1888 358 1925 vt
396 1886 523 1935 aliqua
563 1885 696 1924 saltem
738 1888 929 1925 sententia
962 1899 1008 1924 ex
1046 1886 1107 1925 his
1139 1886 1369 1930 elii-eretur,
1413 1887 1657 1937 scripserunt
1697 1900 1775 1925 uon
1814 1888 1911 1926 nulli

210 1955 319 1992 Vnde
344 1956 413 2000 fit,·
444 1953 511 1992 sed
543 1953 603 1991 vel
634 1955 689 1992 sic
719 1958 851 1992 manet
872 1955 1006 1992 vitium
1027 1954 1237 1993 verborum
1270 1957 1307 1992 in
1337 1959 1529 2001 neutram,
1562 1966 1661 2004 quae
1692 1955 1910 2004 significare

199 2026 401 2071 nequeunt
431 2023 471 2059 in
498 2025 676 2059 neutram
701 2027 858 2070 partem
870 2037 883 2066 ,·
924 2026 1054 2060 manet
1093 2023 1229 2060 maiori
1270 2023 1383 2060 etiam
1423 2024 1513 2061 vitio
1541 2022 1752 2061 obnoxium
1783 2035 1909 2071 eques,

199 2089 303 2139 quod
334 2089 381 2128 ad
412 2090 541 2139 ipsum
573 2094 727 2139 poetam
759 2089 925 2128 relatum
957 2089 1032 2127 dici
1063 2091 1199 2139 nequit
1231 2102 1346 2140 quam
1378 2091 1556 2141 ineptum
1588 2092 1655 2134 sit,
1690 2091 1721 2129 si
1752 2092 1791 2129 in
1822 2092 1908 2129 uni-

201 2169 353 2195 versum
386 2158 604 2208 acceperis,
645 2170 722 2195 non
764 2162 839 2195 tam
873 2169 993 2206 eques
1034 2169 1148 2207 quam
1182 2159 1305 2207 quivis
1338 2170 1384 2195 ex
1416 2158 1531 2196 domo
1563 2170 1635 2196 nec
1667 2158 1808 2197 divitiis
1839 2171 1911 2197 nec

199 2229 429 2275 paupertate
464 2225 633 2263 notanda
671 2226 709 2263 in
748 2229 929 2263 neutram
968 2230 1119 2275 partem
1158 2226 1395 2276 conspicuus
1432 2230 1500 2264 est.
1570 2227 1695 2275 Atque
1733 2239 1821 2265 cum
1861 2240 1909 2265 ne

194 2295 239 2339 sit
271 2291 427 2341 quidem
449 2292 610 2343 probari
640 2293 774 2344 possit,
808 2293 912 2342 quod
944 2294 995 2330 ita
1026 2306 1097 2331 vox
1130 2294 1305 2331 notanda
1336 2293 1498 2344 copulae
1521 2293 1646 2332 fulcro
1670 2298 1787 2338 caret,
1812 2295 1907 2334 scri-

198 2360 370 2398 bendum
402 2364 479 2398 est:
512 2361 666 2409 Atque
691 2362 739 2398 sit
762 2362 801 2398 in
825 2365 1005 2399 neutram
1035 2362 1400 2409 conspicienda
1428 2373 1599 2409 aenas.

254 2475 362 2511 Trist.
384 2478 416 2516 2,
440 2476 522 2510 191:
554 2474 716 2522 Iazyqes
737 2480 772 2511 et
795 2475 920 2511 Colchi
939 2475 1183 2522 Metereaqae
1206 2477 1316 2511 larba
1340 2476 1528 2523 Getaeque

649 2543 816 2579 Danuvii
836 2544 964 2579 mediis
985 2545 1050 2580 vix
1064 2544 1317 2590 prohibentur
1338 2545 1457 2590 aquis.

307 2630 350 2668 In
388 2630 546 2668 nomine
583 2635 770 2681 corrupto
809 2632 1057 2679 Metereaque
1093 2632 1215 2671 latere
1254 2632 1406 2683 videtur
1444 2633 1817 2682 Basternaque,
1856 2634 1904 2671 cs.

197 2710 228 2736 v.
265 2701 343 2740 198
375 2699 567 2746 proxima
595 2698 817 2737 Basternae
846 2698 1182 2747 Sauromataeque
1211 2704 1350 2738 tenent.

252 2812 358 2847 Trist.
381 2816 419 2851 2,
442 2814 525 2846 211:
557 2813 686 2847 Altera
702 2824 802 2857 pars
821 2819 1006 2859 superest,
1030 2826 1105 2860 qna
1127 2816 1234 2861 turpi
1249 2817 1417 2852 carmine
1436 2816 1564 2861 factus

651 2880 802 2926 Aryzcor
823 2881 972 2916 obsceni
991 2883 1121 2918 doctor
1143 2883 1331 2919 adulterii.

306 2967 482 3005 Duorum
515 2968 734 3011 criminum,
769 2967 910 3017 quibus
942 2981 983 3007 se
1014 2971 1179 3020 periisse
1211 2976 1327 3022 poeta
1358 2971 1466 3016 dicit,
1504 2984 1591 3009 cum
1624 2970 1809 3014 alterum,
1843 2983 1903 3008 er-

196 3045 346 3077 rorem,
380 3035 419 3072 in
449 3036 639 3085 proximis
671 3038 1053 3080 commemoraverit,
1085 3036 1148 3075 hic
1180 3050 1336 3077 carmen
1369 3038 1663 3087 significandum
1696 3042 1764 3075 est.
1829 3038 1905 3076 Sed

197 3111 284 3137 cum
323 3113 401 3138 non
444 3102 569 3141 factus
610 3115 694 3141 esse
740 3102 876 3140 doctor
922 3103 1102 3142 adulterii
1148 3105 1451 3149 car1ni11e,=sed
1495 3106 1615 3143 fuisse
1658 3109 1903 3155 argueretur,

197 3166 387 3207 librorum
419 3170 658 3219 optimorum
691 3170 926 3220 scripturam
956 3172 1008 3209 ita
1040 3172 1334 3211 emendabimus
1366 3177 1409 3210 ut
1429 3171 1663 3211 scribamus:
1697 3184 1775 3221 qua
1798 3176 1907 3223 turpi
