<?xml version="1.0" encoding="UTF-8"?>
<!DOCTYPE html PUBLIC "-//W3C//DTD XHTML 1.0 Transitional//EN"
    "http://www.w3.org/TR/xhtml1/DTD/xhtml1-transitional.dtd">
<html xmlns="http://www.w3.org/1999/xhtml" xml:lang="en" lang="en">
 <head>
  <title>
</title>
<meta http-equiv="Content-Type" content="text/html;charset=utf-8" />
  <meta name='ocr-system' content='tesseract 3.04.00' />
  <meta name='ocr-capabilities' content='ocr_page ocr_carea ocr_par ocr_line ocrx_word'/>
</head>
<body>
  <div class='ocr_page' id='page_1' title='image "./symbolaphilologo01ritsuoft_0170.png"; bbox 0 0 2330 3606; ppageno 0'>
   <div class='ocr_carea' id='block_1_1' title="bbox 391 209 1818 255">
    <p class='ocr_par' dir='ltr' id='par_1_1' title="bbox 391 209 1818 255">
     <span class='ocr_line' id='line_1_1' title="bbox 391 209 1818 255; baseline -0.004 -4"><span class='ocrx_word' id='word_1_1' title='bbox 391 209 470 251; x_wconf 81' lang='grc'>146</span> <span class='ocrx_word' id='word_1_2' title='bbox 677 216 712 249; x_wconf 73' lang='grc'>(1,</span> <span class='ocrx_word' id='word_1_3' title='bbox 745 213 1045 249; x_wconf 72' lang='lat' dir='ltr'>WACHSMVTH:</span> <span class='ocrx_word' id='word_1_4' title='bbox 1076 212 1128 247; x_wconf 71' lang='lat' dir='ltr'>DE</span> <span class='ocrx_word' id='word_1_5' title='bbox 1158 212 1368 248; x_wconf 64' lang='lat' dir='ltr'>Foerssx&#39;s</span> <span class='ocrx_word' id='word_1_6' title='bbox 1400 212 1452 247; x_wconf 79' lang='lat' dir='ltr'>Ex</span> <span class='ocrx_word' id='word_1_7' title='bbox 1485 211 1638 255; x_wconf 73' lang='lat' dir='ltr'>Qvissvs</span> <span class='ocrx_word' id='word_1_8' title='bbox 1669 212 1818 247; x_wconf 71' lang='lat' dir='ltr'>SVIDAS</span> 
     </span>
    </p>
   </div>
   <div class='ocr_carea' id='block_1_2' title="bbox 378 320 2113 2402">
    <p class='ocr_par' dir='ltr' id='par_1_2' title="bbox 379 320 2113 1928">
     <span class='ocr_line' id='line_1_2' title="bbox 387 320 2101 374; baseline -0.002 -10"><span class='ocrx_word' id='word_1_9' title='bbox 387 325 544 364; x_wconf 72' lang='lat' dir='ltr'>difficile</span> <span class='ocrx_word' id='word_1_10' title='bbox 577 330 636 363; x_wconf 74' lang='lat' dir='ltr'>est</span> <span class='ocrx_word' id='word_1_11' title='bbox 666 325 770 363; x_wconf 79' lang='lat' dir='ltr'>dictu</span> <span class='ocrx_word' id='word_1_12' title='bbox 803 325 876 362; x_wconf 77' lang='lat' dir='ltr'>nisi</span> <span class='ocrx_word' id='word_1_13' title='bbox 908 323 1010 373; x_wconf 86' lang='lat' dir='ltr'>quod</span> <span class='ocrx_word' id='word_1_14' title='bbox 1041 325 1126 374; x_wconf 70' lang='lat' dir='ltr'>ipse</span> <span class='ocrx_word' id='word_1_15' title='bbox 1159 323 1216 360; x_wconf 73' lang='lat' dir='ltr'>bis</span> <span class='ocrx_word' id='word_1_16' title='bbox 1249 335 1336 360; x_wconf 82' lang='lat' dir='ltr'>Cum</span> <span class='ocrx_word' id='word_1_17' title='bbox 1369 320 1415 361; x_wconf 80' lang='grc' dir='ltr'>ἐν</span> <span class='ocrx_word' id='word_1_18' title='bbox 1446 334 1505 374; x_wconf 83' lang='grc' dir='ltr'>τῳ</span> <span class='ocrx_word' id='word_1_19' title='bbox 1535 320 1571 360; x_wconf 87' lang='grc' dir='ltr'>λ’</span> <span class='ocrx_word' id='word_1_20' title='bbox 1601 323 1672 370; x_wconf 84' lang='grc' dir='ltr'>τῆς</span> <span class='ocrx_word' id='word_1_21' title='bbox 1704 323 1896 371; x_wconf 82' lang='grc' dir='ltr'>μουςικῆς</span> <span class='ocrx_word' id='word_1_22' title='bbox 1922 320 2101 371; x_wconf 78' lang='grc' dir='ltr'>ἱςτορίας</span> 
     </span>
     <span class='ocr_line' id='line_1_3' title="bbox 386 389 2100 441; baseline -0.002 -10"><span class='ocrx_word' id='word_1_23' title='bbox 386 393 555 431; x_wconf 81' lang='lat' dir='ltr'>laudavit</span> <span class='ocrx_word' id='word_1_24' title='bbox 587 406 616 430; x_wconf 84' lang='lat' dir='ltr'>s.</span> <span class='ocrx_word' id='word_1_25' title='bbox 651 404 684 430; x_wconf 82' lang='lat' dir='ltr'>v.</span> <span class='ocrx_word' id='word_1_26' title='bbox 717 389 917 441; x_wconf 80' lang='grc' dir='ltr'>Παμφίλη</span> <span class='ocrx_word' id='word_1_27' title='bbox 951 395 988 429; x_wconf 79' lang='lat' dir='ltr'>et</span> <span class='ocrx_word' id='word_1_28' title='bbox 1019 389 1266 440; x_wconf 78' lang='grc' dir='ltr'>(ωτηρίδας.</span> <span class='ocrx_word' id='word_1_29' title='bbox 1328 391 1365 427; x_wconf 93' lang='lat' dir='ltr'>in</span> <span class='ocrx_word' id='word_1_30' title='bbox 1397 391 1524 440; x_wconf 79' lang='lat' dir='ltr'>poetis</span> <span class='ocrx_word' id='word_1_31' title='bbox 1560 402 1673 434; x_wconf 79' lang='lat' dir='ltr'>vero,</span> <span class='ocrx_word' id='word_1_32' title='bbox 1713 391 1751 428; x_wconf 92' lang='lat' dir='ltr'>in</span> <span class='ocrx_word' id='word_1_33' title='bbox 1791 391 1933 439; x_wconf 73' lang='lat' dir='ltr'>quibus</span> <span class='ocrx_word' id='word_1_34' title='bbox 1972 390 2100 428; x_wconf 82' lang='lat' dir='ltr'>addito</span> 
     </span>
     <span class='ocr_line' id='line_1_4' title="bbox 385 455 2099 508; baseline -0.002 -10"><span class='ocrx_word' id='word_1_35' title='bbox 385 461 544 498; x_wconf 88' lang='lat' dir='ltr'>nomine</span> <span class='ocrx_word' id='word_1_36' title='bbox 575 460 756 498; x_wconf 82' lang='lat' dir='ltr'>laudatur</span> <span class='ocrx_word' id='word_1_37' title='bbox 788 472 817 497; x_wconf 77' lang='lat' dir='ltr'>s.</span> <span class='ocrx_word' id='word_1_38' title='bbox 850 471 883 497; x_wconf 85' lang='lat' dir='ltr'>v.</span> <span class='ocrx_word' id='word_1_39' title='bbox 918 457 1168 508; x_wconf 73' lang='grc' dir='ltr'>Ἀντιφάνης</span> <span class='ocrx_word' id='word_1_40' title='bbox 1200 463 1237 495; x_wconf 87' lang='lat' dir='ltr'>et</span> <span class='ocrx_word' id='word_1_41' title='bbox 1268 455 1470 506; x_wconf 77' lang='grc' dir='ltr'>Ὀρφεύς,</span> <span class='ocrx_word' id='word_1_42' title='bbox 1502 461 1546 493; x_wconf 87' lang='lat' dir='ltr'>ut</span> <span class='ocrx_word' id='word_1_43' title='bbox 1575 459 1722 495; x_wconf 82' lang='lat' dir='ltr'>certius</span> <span class='ocrx_word' id='word_1_44' title='bbox 1758 457 1941 508; x_wconf 78' lang='lat' dir='ltr'>progredi</span> <span class='ocrx_word' id='word_1_45' title='bbox 1976 459 2099 508; x_wconf 83' lang='lat' dir='ltr'>possi-</span> 
     </span>
     <span class='ocr_line' id='line_1_5' title="bbox 385 523 2101 576; baseline -0.002 -10"><span class='ocrx_word' id='word_1_46' title='bbox 385 541 473 566; x_wconf 81' lang='lat' dir='ltr'>mus</span> <span class='ocrx_word' id='word_1_47' title='bbox 514 528 695 566; x_wconf 82' lang='lat' dir='ltr'>effectum</span> <span class='ocrx_word' id='word_1_48' title='bbox 736 532 796 565; x_wconf 79' lang='lat' dir='ltr'>cst</span> <span class='ocrx_word' id='word_1_49' title='bbox 833 527 961 576; x_wconf 79' lang='lat' dir='ltr'>sagaci</span> <span class='ocrx_word' id='word_1_50' title='bbox 999 526 1261 576; x_wconf 75' lang='lat' dir='ltr'>disputatimle</span> <span class='ocrx_word' id='word_1_51' title='bbox 1301 527 1343 563; x_wconf 80' lang='grc' dir='ltr'>Ο.</span> <span class='ocrx_word' id='word_1_52' title='bbox 1379 524 1608 562; x_wconf 71' lang='lat' dir='ltr'>Schneideri</span> <span class='ocrx_word' id='word_1_53' title='bbox 1645 523 1670 562; x_wconf 92' lang='lat' dir='ltr'>l.</span> <span class='ocrx_word' id='word_1_54' title='bbox 1703 538 1755 569; x_wconf 80' lang='lat' dir='ltr'>s.,</span> <span class='ocrx_word' id='word_1_55' title='bbox 1804 537 1877 575; x_wconf 81' lang='lat' dir='ltr'>qua</span> <span class='ocrx_word' id='word_1_56' title='bbox 1926 526 2038 563; x_wconf 79' lang='lat' dir='ltr'>evicit</span> <span class='ocrx_word' id='word_1_57' title='bbox 2082 538 2101 563; x_wconf 86' lang='lat' dir='ltr'>a</span> 
     </span>
     <span class='ocr_line' id='line_1_6' title="bbox 384 591 2100 645; baseline -0.002 -12"><span class='ocrx_word' id='word_1_58' title='bbox 384 596 486 633; x_wconf 82' lang='lat' dir='ltr'>Ruso</span> <span class='ocrx_word' id='word_1_59' title='bbox 518 595 756 645; x_wconf 82' lang='lat' dir='ltr'>amplissima</span> <span class='ocrx_word' id='word_1_60' title='bbox 788 595 961 645; x_wconf 76' lang='lat' dir='ltr'>Dionysii</span> <span class='ocrx_word' id='word_1_61' title='bbox 993 593 1187 631; x_wconf 78' lang='lat' dir='ltr'>volumina</span> <span class='ocrx_word' id='word_1_62' title='bbox 1218 594 1257 630; x_wconf 91' lang='lat' dir='ltr'>in</span> <span class='ocrx_word' id='word_1_63' title='bbox 1288 592 1446 630; x_wconf 86' lang='lat' dir='ltr'>brevem</span> <span class='ocrx_word' id='word_1_64' title='bbox 1479 591 1645 641; x_wconf 80' lang='lat' dir='ltr'>aliquam</span> <span class='ocrx_word' id='word_1_65' title='bbox 1678 604 1868 631; x_wconf 84' lang='lat' dir='ltr'>summam</span> <span class='ocrx_word' id='word_1_66' title='bbox 1903 598 2100 631; x_wconf 81' lang='lat' dir='ltr'>contracta</span> 
     </span>
     <span class='ocr_line' id='line_1_7' title="bbox 385 659 2102 711; baseline -0.002 -11"><span class='ocrx_word' id='word_1_67' title='bbox 385 675 481 701; x_wconf 73' lang='lat' dir='ltr'>esse.</span> <span class='ocrx_word' id='word_1_68' title='bbox 551 663 704 701; x_wconf 74' lang='lat' dir='ltr'>Rufiani</span> <span class='ocrx_word' id='word_1_69' title='bbox 742 667 872 700; x_wconf 81' lang='lat' dir='ltr'>autem</span> <span class='ocrx_word' id='word_1_70' title='bbox 903 661 993 699; x_wconf 83' lang='lat' dir='ltr'>libri</span> <span class='ocrx_word' id='word_1_71' title='bbox 1023 662 1231 710; x_wconf 74' lang='lat' dir='ltr'>imaginem</span> <span class='ocrx_word' id='word_1_72' title='bbox 1265 659 1431 708; x_wconf 78' lang='lat' dir='ltr'>quodam</span> <span class='ocrx_word' id='word_1_73' title='bbox 1468 659 1585 696; x_wconf 87' lang='lat' dir='ltr'>modo</span> <span class='ocrx_word' id='word_1_74' title='bbox 1624 661 1861 698; x_wconf 81' lang='lat' dir='ltr'>resuscitare</span> <span class='ocrx_word' id='word_1_75' title='bbox 1892 673 2102 711; x_wconf 82' lang='lat' dir='ltr'>possumus</span> 
     </span>
     <span class='ocr_line' id='line_1_8' title="bbox 383 724 2101 781; baseline -0.001 -13"><span class='ocrx_word' id='word_1_76' title='bbox 383 742 504 781; x_wconf 85' lang='lat' dir='ltr'>opera</span> <span class='ocrx_word' id='word_1_77' title='bbox 546 730 701 781; x_wconf 78' lang='lat' dir='ltr'>Sopatri</span> <span class='ocrx_word' id='word_1_78' title='bbox 744 731 854 767; x_wconf 87' lang='lat' dir='ltr'>cuius</span> <span class='ocrx_word' id='word_1_79' title='bbox 894 728 1048 777; x_wconf 78' lang='lat' dir='ltr'>eclogas</span> <span class='ocrx_word' id='word_1_80' title='bbox 1079 727 1240 766; x_wconf 81' lang='lat' dir='ltr'>Photins</span> <span class='ocrx_word' id='word_1_81' title='bbox 1278 726 1369 765; x_wconf 88' lang='lat' dir='ltr'>bibl.</span> <span class='ocrx_word' id='word_1_82' title='bbox 1403 739 1440 777; x_wconf 94' lang='lat' dir='ltr'>p.</span> <span class='ocrx_word' id='word_1_83' title='bbox 1477 724 1574 769; x_wconf 69' lang='lat'>1031’</span> <span class='ocrx_word' id='word_1_84' title='bbox 1607 730 1657 768; x_wconf 88' lang='grc'>16</span> <span class='ocrx_word' id='word_1_85' title='bbox 1695 728 1747 765; x_wconf 85' lang='lat' dir='ltr'>ita</span> <span class='ocrx_word' id='word_1_86' title='bbox 1786 727 1990 766; x_wconf 77' lang='lat' dir='ltr'>describit:</span> <span class='ocrx_word' id='word_1_87' title='bbox 2031 726 2101 766; x_wconf 89' lang='grc' dir='ltr'>ὅτε</span> 
     </span>
     <span class='ocr_line' id='line_1_9' title="bbox 382 792 2101 849; baseline -0.002 -12"><span class='ocrx_word' id='word_1_88' title='bbox 382 797 572 847; x_wconf 88' lang='grc' dir='ltr'>πέμπτος</span> <span class='ocrx_word' id='word_1_89' title='bbox 601 796 755 849; x_wconf 86' lang='grc' dir='ltr'>(λόγος</span> <span class='ocrx_word' id='word_1_90' title='bbox 786 798 873 836; x_wconf 90' lang='grc' dir='ltr'>τῶν</span> <span class='ocrx_word' id='word_1_91' title='bbox 903 794 1093 843; x_wconf 79' lang='grc' dir='ltr'>ἐκλογῶν</span> <span class='ocrx_word' id='word_1_92' title='bbox 1122 793 1369 845; x_wconf 86' lang='grc' dir='ltr'>διαφόρων)</span> <span class='ocrx_word' id='word_1_93' title='bbox 1400 792 1603 841; x_wconf 83' lang='grc' dir='ltr'>ςύγκειται</span> <span class='ocrx_word' id='word_1_94' title='bbox 1631 792 1744 847; x_wconf 84' lang='grc' dir='ltr'>αὐτῶ</span> <span class='ocrx_word' id='word_1_95' title='bbox 1773 793 2005 847; x_wconf 75' lang='grc' dir='ltr'>(Εωπάτρῳ</span> <span class='ocrx_word' id='word_1_96' title='bbox 2035 807 2101 834; x_wconf 88' lang='lat' dir='ltr'>co-</span> 
     </span>
     <span class='ocr_line' id='line_1_10' title="bbox 383 861 2101 918; baseline -0.003 -12"><span class='ocrx_word' id='word_1_97' title='bbox 383 865 524 918; x_wconf 83' lang='grc' dir='ltr'>φιςτῇ)</span> <span class='ocrx_word' id='word_1_98' title='bbox 554 864 599 905; x_wconf 77' lang='grc' dir='ltr'>ἔκ</span> <span class='ocrx_word' id='word_1_99' title='bbox 621 878 665 905; x_wconf 86' lang='grc' dir='ltr'>τε</span> <span class='ocrx_word' id='word_1_100' title='bbox 686 865 759 913; x_wconf 86' lang='grc' dir='ltr'>τῆς</span> <span class='ocrx_word' id='word_1_101' title='bbox 779 862 969 913; x_wconf 85' lang='grc' dir='ltr'>Ῥούφου</span> <span class='ocrx_word' id='word_1_102' title='bbox 998 863 1191 911; x_wconf 84' lang='grc' dir='ltr'>μουςικῆς</span> <span class='ocrx_word' id='word_1_103' title='bbox 1211 861 1391 911; x_wconf 79' lang='grc' dir='ltr'>ἱςτορίας</span> <span class='ocrx_word' id='word_1_104' title='bbox 1413 861 1586 911; x_wconf 84' lang='grc' dir='ltr'>πρώτου</span> <span class='ocrx_word' id='word_1_105' title='bbox 1609 861 1674 901; x_wconf 86' lang='grc' dir='ltr'>καὶ</span> <span class='ocrx_word' id='word_1_106' title='bbox 1705 861 1902 912; x_wconf 76' lang='grc' dir='ltr'>δευτέρου</span> <span class='ocrx_word' id='word_1_107' title='bbox 1924 862 1996 915; x_wconf 49' lang='grc' dir='ltr'>,καὶ</span> <span class='ocrx_word' id='word_1_108' title='bbox 2020 862 2101 912; x_wconf 86' lang='grc' dir='ltr'>τρί-</span> 
     </span>
     <span class='ocr_line' id='line_1_11' title="bbox 380 928 2103 985; baseline -0.003 -12"><span class='ocrx_word' id='word_1_109' title='bbox 380 946 458 973; x_wconf 87' lang='grc' dir='ltr'>του</span> <span class='ocrx_word' id='word_1_110' title='bbox 490 931 673 983; x_wconf 75' lang='grc' dir='ltr'>βιβλίου,</span> <span class='ocrx_word' id='word_1_111' title='bbox 711 931 756 972; x_wconf 77' lang='grc' dir='ltr'>ἐν</span> <span class='ocrx_word' id='word_1_112' title='bbox 788 931 821 985; x_wconf 79' lang='grc' dir='ltr'>ᾧ</span> <span class='ocrx_word' id='word_1_113' title='bbox 853 933 1062 980; x_wconf 79' lang='grc' dir='ltr'>τραγικῶν</span> <span class='ocrx_word' id='word_1_114' title='bbox 1092 943 1135 970; x_wconf 91' lang='grc' dir='ltr'>τε</span> <span class='ocrx_word' id='word_1_115' title='bbox 1162 929 1227 969; x_wconf 88' lang='grc' dir='ltr'>καὶ</span> <span class='ocrx_word' id='word_1_116' title='bbox 1260 931 1453 978; x_wconf 80' lang='grc' dir='ltr'>κωμικῶν</span> <span class='ocrx_word' id='word_1_117' title='bbox 1487 928 1679 978; x_wconf 84' lang='grc' dir='ltr'>ποικίλην</span> <span class='ocrx_word' id='word_1_118' title='bbox 1708 928 1890 979; x_wconf 78' lang='grc' dir='ltr'>ἱςτορίαν</span> <span class='ocrx_word' id='word_1_119' title='bbox 1918 928 2103 979; x_wconf 84' lang='grc' dir='ltr'>εὑρήςεις</span> 
     </span>
     <span class='ocr_line' id='line_1_12' title="bbox 383 996 2101 1050; baseline -0.002 -10"><span class='ocrx_word' id='word_1_120' title='bbox 383 999 434 1040; x_wconf 89' lang='grc' dir='ltr'>οὐ</span> <span class='ocrx_word' id='word_1_121' title='bbox 464 999 598 1050; x_wconf 92' lang='grc' dir='ltr'>μόνον</span> <span class='ocrx_word' id='word_1_122' title='bbox 627 1000 673 1039; x_wconf 78' lang='grc' dir='ltr'>δὲ</span> <span class='ocrx_word' id='word_1_123' title='bbox 701 998 809 1039; x_wconf 83' lang='grc' dir='ltr'>ἀλλὰ</span> <span class='ocrx_word' id='word_1_124' title='bbox 837 999 903 1038; x_wconf 82' lang='grc' dir='ltr'>καὶ</span> <span class='ocrx_word' id='word_1_125' title='bbox 939 999 1309 1048; x_wconf 75' lang='grc' dir='ltr'>διθυραμβοποιῶν</span> <span class='ocrx_word' id='word_1_126' title='bbox 1342 1010 1386 1037; x_wconf 87' lang='grc' dir='ltr'>τε</span> <span class='ocrx_word' id='word_1_127' title='bbox 1422 997 1487 1036; x_wconf 88' lang='grc' dir='ltr'>καὶ</span> <span class='ocrx_word' id='word_1_128' title='bbox 1516 996 1710 1046; x_wconf 84' lang='grc' dir='ltr'>αὐλητῶν</span> <span class='ocrx_word' id='word_1_129' title='bbox 1740 997 1805 1036; x_wconf 87' lang='grc' dir='ltr'>καὶ</span> <span class='ocrx_word' id='word_1_130' title='bbox 1841 999 2101 1050; x_wconf 74' lang='grc' dir='ltr'>κιθαρῳδῶν,</span> 
     </span>
     <span class='ocr_line' id='line_1_13' title="bbox 382 1063 2103 1120; baseline -0.002 -13"><span class='ocrx_word' id='word_1_131' title='bbox 382 1066 668 1117; x_wconf 78' lang='grc' dir='ltr'>έπιθαλαμίων</span> <span class='ocrx_word' id='word_1_132' title='bbox 707 1080 751 1107; x_wconf 90' lang='grc' dir='ltr'>τε</span> <span class='ocrx_word' id='word_1_133' title='bbox 789 1068 915 1120; x_wconf 78' lang='grc' dir='ltr'>ᾠδῶν</span> <span class='ocrx_word' id='word_1_134' title='bbox 944 1065 1010 1105; x_wconf 84' lang='grc' dir='ltr'>καὶ</span> <span class='ocrx_word' id='word_1_135' title='bbox 1049 1064 1259 1114; x_wconf 80' lang='grc' dir='ltr'>ὑμεναίων</span> <span class='ocrx_word' id='word_1_136' title='bbox 1298 1065 1363 1104; x_wconf 84' lang='grc' dir='ltr'>καί</span> <span class='ocrx_word' id='word_1_137' title='bbox 1400 1064 1712 1115; x_wconf 83' lang='grc' dir='ltr'>ὑπορχημάτων</span> <span class='ocrx_word' id='word_1_138' title='bbox 1749 1063 1976 1115; x_wconf 85' lang='grc' dir='ltr'>ἀφήγηςιν,</span> <span class='ocrx_word' id='word_1_139' title='bbox 2008 1063 2103 1114; x_wconf 81' lang='grc' dir='ltr'>περί</span> 
     </span>
     <span class='ocr_line' id='line_1_14' title="bbox 380 1131 2101 1185; baseline -0.002 -10"><span class='ocrx_word' id='word_1_140' title='bbox 380 1148 424 1175; x_wconf 86' lang='grc' dir='ltr'>τε</span> <span class='ocrx_word' id='word_1_141' title='bbox 463 1134 680 1185; x_wconf 87' lang='grc' dir='ltr'>ὀρχηςτῶν</span> <span class='ocrx_word' id='word_1_142' title='bbox 716 1133 782 1174; x_wconf 78' lang='grc' dir='ltr'>καὶ</span> <span class='ocrx_word' id='word_1_143' title='bbox 812 1135 899 1174; x_wconf 87' lang='grc' dir='ltr'>τῶν</span> <span class='ocrx_word' id='word_1_144' title='bbox 936 1132 1080 1173; x_wconf 80' lang='grc' dir='ltr'>ἄλλων</span> <span class='ocrx_word' id='word_1_145' title='bbox 1114 1134 1201 1173; x_wconf 88' lang='grc' dir='ltr'>τῶν</span> <span class='ocrx_word' id='word_1_146' title='bbox 1239 1132 1284 1173; x_wconf 82' lang='grc' dir='ltr'>έν</span> <span class='ocrx_word' id='word_1_147' title='bbox 1320 1134 1408 1172; x_wconf 85' lang='grc' dir='ltr'>τοῖς</span> <span class='ocrx_word' id='word_1_148' title='bbox 1446 1132 1699 1182; x_wconf 84' lang='grc' dir='ltr'>Ἑλληνικοῖς</span> <span class='ocrx_word' id='word_1_149' title='bbox 1730 1132 1920 1182; x_wconf 83' lang='grc' dir='ltr'>Θεάτροις</span> <span class='ocrx_word' id='word_1_150' title='bbox 1950 1131 2101 1180; x_wconf 88' lang='grc' dir='ltr'>ἀγωνι-</span> 
     </span>
     <span class='ocr_line' id='line_1_15' title="bbox 381 1198 2101 1252; baseline -0.002 -9"><span class='ocrx_word' id='word_1_151' title='bbox 381 1202 594 1252; x_wconf 77' lang='grc' dir='ltr'>ζομένων,</span> <span class='ocrx_word' id='word_1_152' title='bbox 618 1202 716 1243; x_wconf 79' lang='grc' dir='ltr'>ὅθεν</span> <span class='ocrx_word' id='word_1_153' title='bbox 741 1215 785 1242; x_wconf 89' lang='grc' dir='ltr'>τε</span> <span class='ocrx_word' id='word_1_154' title='bbox 817 1201 884 1241; x_wconf 86' lang='grc' dir='ltr'>καὶ</span> <span class='ocrx_word' id='word_1_155' title='bbox 911 1200 1032 1241; x_wconf 90' lang='grc' dir='ltr'>ὅπως</span> <span class='ocrx_word' id='word_1_156' title='bbox 1064 1200 1103 1240; x_wconf 77' lang='grc' dir='ltr'>οἱ</span> <span class='ocrx_word' id='word_1_157' title='bbox 1138 1199 1305 1240; x_wconf 83' lang='grc' dir='ltr'>τούτων</span> <span class='ocrx_word' id='word_1_158' title='bbox 1337 1200 1404 1240; x_wconf 77' lang='grc' dir='ltr'>ἐπὶ</span> <span class='ocrx_word' id='word_1_159' title='bbox 1431 1200 1535 1250; x_wconf 91' lang='grc' dir='ltr'>μέγα</span> <span class='ocrx_word' id='word_1_160' title='bbox 1556 1199 1678 1239; x_wconf 84' lang='grc' dir='ltr'>κλέος</span> <span class='ocrx_word' id='word_1_161' title='bbox 1706 1200 1812 1249; x_wconf 58' lang='grc' dir='ltr'>παρ)</span> <span class='ocrx_word' id='word_1_162' title='bbox 1833 1198 1975 1239; x_wconf 82' lang='grc' dir='ltr'>αὐτοῖς</span> <span class='ocrx_word' id='word_1_163' title='bbox 2002 1199 2101 1240; x_wconf 88' lang='grc' dir='ltr'>ἀνα-</span> 
     </span>
     <span class='ocr_line' id='line_1_16' title="bbox 381 1266 2102 1320; baseline -0.001 -11"><span class='ocrx_word' id='word_1_164' title='bbox 381 1270 612 1320; x_wconf 82' lang='grc' dir='ltr'>δραμόντες</span> <span class='ocrx_word' id='word_1_165' title='bbox 633 1269 877 1318; x_wconf 84' lang='grc' dir='ltr'>γεγόναςιν,</span> <span class='ocrx_word' id='word_1_166' title='bbox 913 1267 994 1309; x_wconf 80' lang='grc' dir='ltr'>εἴτε</span> <span class='ocrx_word' id='word_1_167' title='bbox 1024 1267 1199 1318; x_wconf 85' lang='grc' dir='ltr'>ἄρρενες</span> <span class='ocrx_word' id='word_1_168' title='bbox 1231 1267 1311 1308; x_wconf 75' lang='grc' dir='ltr'>εἴτε</span> <span class='ocrx_word' id='word_1_169' title='bbox 1341 1268 1407 1308; x_wconf 79' lang='grc' dir='ltr'>καὶ</span> <span class='ocrx_word' id='word_1_170' title='bbox 1432 1268 1508 1317; x_wconf 82' lang='grc' dir='ltr'>τὴν</span> <span class='ocrx_word' id='word_1_171' title='bbox 1537 1268 1705 1316; x_wconf 81' lang='grc' dir='ltr'>Θήλειαν</span> <span class='ocrx_word' id='word_1_172' title='bbox 1733 1266 1857 1318; x_wconf 88' lang='grc' dir='ltr'>φύςιν</span> <span class='ocrx_word' id='word_1_173' title='bbox 1879 1267 2102 1317; x_wconf 82' lang='grc' dir='ltr'>διεκληρώ-</span> 
     </span>
     <span class='ocr_line' id='line_1_17' title="bbox 383 1334 2102 1386; baseline -0.001 -10"><span class='ocrx_word' id='word_1_174' title='bbox 383 1351 530 1379; x_wconf 90' lang='grc' dir='ltr'>ςαντο·</span> <span class='ocrx_word' id='word_1_175' title='bbox 556 1337 694 1379; x_wconf 88' lang='grc' dir='ltr'>τίνες</span> <span class='ocrx_word' id='word_1_176' title='bbox 728 1350 780 1377; x_wconf 89' lang='grc' dir='ltr'>τε</span> <span class='ocrx_word' id='word_1_177' title='bbox 801 1336 959 1377; x_wconf 90' lang='grc' dir='ltr'>τίνων</span> <span class='ocrx_word' id='word_1_178' title='bbox 983 1335 1412 1386; x_wconf 82' lang='grc' dir='ltr'>ἐπιτηδευμάτων</span> <span class='ocrx_word' id='word_1_179' title='bbox 1442 1334 1568 1385; x_wconf 80' lang='grc' dir='ltr'>ἀρχὴ</span> <span class='ocrx_word' id='word_1_180' title='bbox 1592 1334 2000 1384; x_wconf 81' lang='grc' dir='ltr'>διεγνώςθηςαν,</span> <span class='ocrx_word' id='word_1_181' title='bbox 2021 1335 2102 1374; x_wconf 83' lang='grc' dir='ltr'>καὶ</span> 
     </span>
     <span class='ocr_line' id='line_1_18' title="bbox 380 1402 2101 1454; baseline -0.002 -8"><span class='ocrx_word' id='word_1_182' title='bbox 380 1405 583 1446; x_wconf 85' lang='grc' dir='ltr'>τούτων</span> <span class='ocrx_word' id='word_1_183' title='bbox 613 1406 667 1445; x_wconf 81' lang='grc' dir='ltr'>δὲ</span> <span class='ocrx_word' id='word_1_184' title='bbox 693 1405 830 1445; x_wconf 87' lang='grc' dir='ltr'>τίνες</span> <span class='ocrx_word' id='word_1_185' title='bbox 859 1403 1133 1454; x_wconf 85' lang='grc' dir='ltr'>τυράννων</span> <span class='ocrx_word' id='word_1_186' title='bbox 1163 1403 1186 1452; x_wconf 81' lang='grc' dir='ltr'>ἢ</span> <span class='ocrx_word' id='word_1_187' title='bbox 1218 1403 1475 1454; x_wconf 89' lang='grc' dir='ltr'>βαςιλέων</span> <span class='ocrx_word' id='word_1_188' title='bbox 1504 1402 1710 1453; x_wconf 80' lang='grc' dir='ltr'>ἐραςταὶ</span> <span class='ocrx_word' id='word_1_189' title='bbox 1735 1403 1814 1442; x_wconf 86' lang='grc' dir='ltr'>καὶ</span> <span class='ocrx_word' id='word_1_190' title='bbox 1841 1402 1989 1453; x_wconf 89' lang='grc' dir='ltr'>φίλοι</span> <span class='ocrx_word' id='word_1_191' title='bbox 2019 1415 2101 1450; x_wconf 91' lang='grc' dir='ltr'>γε-</span> 
     </span>
     <span class='ocr_line' id='line_1_19' title="bbox 380 1468 2101 1522; baseline -0.002 -8"><span class='ocrx_word' id='word_1_192' title='bbox 380 1473 617 1521; x_wconf 92' lang='grc' dir='ltr'>γόναςιν·</span> <span class='ocrx_word' id='word_1_193' title='bbox 649 1471 706 1513; x_wconf 85' lang='grc' dir='ltr'>οὐ</span> <span class='ocrx_word' id='word_1_194' title='bbox 734 1473 827 1522; x_wconf 82' lang='grc' dir='ltr'>μὴν</span> <span class='ocrx_word' id='word_1_195' title='bbox 860 1470 986 1511; x_wconf 86' lang='grc' dir='ltr'>ἀλλὰ</span> <span class='ocrx_word' id='word_1_196' title='bbox 1017 1471 1097 1511; x_wconf 88' lang='grc' dir='ltr'>καὶ</span> <span class='ocrx_word' id='word_1_197' title='bbox 1125 1470 1264 1511; x_wconf 87' lang='grc' dir='ltr'>τίνες</span> <span class='ocrx_word' id='word_1_198' title='bbox 1294 1484 1345 1511; x_wconf 92' lang='grc' dir='ltr'>τε</span> <span class='ocrx_word' id='word_1_199' title='bbox 1379 1470 1426 1510; x_wconf 81' lang='grc' dir='ltr'>οἱ</span> <span class='ocrx_word' id='word_1_200' title='bbox 1455 1469 1656 1518; x_wconf 87' lang='grc' dir='ltr'>ἀγῶνες</span> <span class='ocrx_word' id='word_1_201' title='bbox 1687 1471 1767 1510; x_wconf 83' lang='grc' dir='ltr'>καὶ</span> <span class='ocrx_word' id='word_1_202' title='bbox 1799 1470 1918 1511; x_wconf 82' lang='grc' dir='ltr'>ὅθεν</span> <span class='ocrx_word' id='word_1_203' title='bbox 1947 1470 2001 1511; x_wconf 77' lang='grc' dir='ltr'>ἐν</span> <span class='ocrx_word' id='word_1_204' title='bbox 2024 1468 2101 1510; x_wconf 79' lang='grc' dir='ltr'>οἷς</span> 
     </span>
     <span class='ocr_line' id='line_1_20' title="bbox 381 1537 2098 1590; baseline -0.003 -9"><span class='ocrx_word' id='word_1_205' title='bbox 381 1540 596 1581; x_wconf 76' lang='grc' dir='ltr'>ἔκαςτος</span> <span class='ocrx_word' id='word_1_206' title='bbox 627 1540 684 1580; x_wconf 81' lang='grc' dir='ltr'>τὰ</span> <span class='ocrx_word' id='word_1_207' title='bbox 713 1542 800 1589; x_wconf 85' lang='grc' dir='ltr'>τῆς</span> <span class='ocrx_word' id='word_1_208' title='bbox 830 1539 1014 1589; x_wconf 87' lang='grc' dir='ltr'>τέχνης</span> <span class='ocrx_word' id='word_1_209' title='bbox 1045 1537 1398 1579; x_wconf 77' lang='grc' dir='ltr'>ἐπεδείκνυτο.</span> <span class='ocrx_word' id='word_1_210' title='bbox 1439 1541 1477 1577; x_wconf 85' lang='lat' dir='ltr'>in</span> <span class='ocrx_word' id='word_1_211' title='bbox 1509 1540 1578 1578; x_wconf 81' lang='lat' dir='ltr'>[ria</span> <span class='ocrx_word' id='word_1_212' title='bbox 1610 1540 1728 1588; x_wconf 76' lang='lat' dir='ltr'>igitur</span> <span class='ocrx_word' id='word_1_213' title='bbox 1748 1540 1994 1590; x_wconf 80' lang='lat' dir='ltr'>potissimum</span> <span class='ocrx_word' id='word_1_214' title='bbox 2017 1540 2098 1577; x_wconf 81' lang='lat' dir='ltr'>ani-</span> 
     </span>
     <span class='ocr_line' id='line_1_21' title="bbox 381 1604 2101 1659; baseline -0.002 -12"><span class='ocrx_word' id='word_1_215' title='bbox 381 1622 487 1647; x_wconf 89' lang='lat' dir='ltr'>mum</span> <span class='ocrx_word' id='word_1_216' title='bbox 519 1609 684 1647; x_wconf 80' lang='lat' dir='ltr'>attendit</span> <span class='ocrx_word' id='word_1_217' title='bbox 714 1609 840 1647; x_wconf 81' lang='lat' dir='ltr'>Rufus</span> <span class='ocrx_word' id='word_1_218' title='bbox 870 1609 893 1646; x_wconf 90' lang='lat' dir='ltr'>i.</span> <span class='ocrx_word' id='word_1_219' title='bbox 920 1620 951 1646; x_wconf 85' lang='lat' dir='ltr'>e.</span> <span class='ocrx_word' id='word_1_220' title='bbox 986 1608 1192 1659; x_wconf 71' lang='lat' dir='ltr'>Dionysius</span> <span class='ocrx_word' id='word_1_221' title='bbox 1223 1608 1262 1645; x_wconf 91' lang='lat' dir='ltr'>in</span> <span class='ocrx_word' id='word_1_222' title='bbox 1292 1606 1532 1657; x_wconf 80' lang='lat' dir='ltr'>pertexenda</span> <span class='ocrx_word' id='word_1_223' title='bbox 1565 1606 1724 1645; x_wconf 84' lang='lat' dir='ltr'>historia</span> <span class='ocrx_word' id='word_1_224' title='bbox 1756 1611 1964 1657; x_wconf 85' lang='lat' dir='ltr'>poetarum</span> <span class='ocrx_word' id='word_1_225' title='bbox 1978 1604 2025 1655; x_wconf 72' lang='grc'>26)</span> <span class='ocrx_word' id='word_1_226' title='bbox 2062 1610 2101 1643; x_wconf 89' lang='lat' dir='ltr'>et</span> 
     </span>
     <span class='ocr_line' id='line_1_22' title="bbox 380 1674 2100 1727; baseline -0.002 -13"><span class='ocrx_word' id='word_1_227' title='bbox 380 1678 644 1721; x_wconf 82' lang='lat' dir='ltr'>musicorum,</span> <span class='ocrx_word' id='word_1_228' title='bbox 677 1689 777 1727; x_wconf 84' lang='lat' dir='ltr'>quae</span> <span class='ocrx_word' id='word_1_229' title='bbox 817 1676 982 1725; x_wconf 77' lang='lat' dir='ltr'>quisque</span> <span class='ocrx_word' id='word_1_230' title='bbox 1021 1676 1171 1725; x_wconf 82' lang='lat' dir='ltr'>primus</span> <span class='ocrx_word' id='word_1_231' title='bbox 1201 1676 1415 1719; x_wconf 87' lang='lat' dir='ltr'>invenerit,</span> <span class='ocrx_word' id='word_1_232' title='bbox 1455 1675 1545 1712; x_wconf 89' lang='lat' dir='ltr'>dein</span> <span class='ocrx_word' id='word_1_233' title='bbox 1577 1674 1718 1723; x_wconf 77' lang='lat' dir='ltr'>quibus</span> <span class='ocrx_word' id='word_1_234' title='bbox 1750 1674 1908 1724; x_wconf 78' lang='lat' dir='ltr'>regibus</span> <span class='ocrx_word' id='word_1_235' title='bbox 1952 1675 2100 1712; x_wconf 77' lang='lat' dir='ltr'>amicus</span> 
     </span>
     <span class='ocr_line' id='line_1_23' title="bbox 379 1741 2099 1793; baseline -0.002 -12"><span class='ocrx_word' id='word_1_236' title='bbox 379 1745 518 1788; x_wconf 83' lang='lat' dir='ltr'>suerit,</span> <span class='ocrx_word' id='word_1_237' title='bbox 553 1743 695 1793; x_wconf 83' lang='lat' dir='ltr'>quibus</span> <span class='ocrx_word' id='word_1_238' title='bbox 727 1744 895 1793; x_wconf 82' lang='lat' dir='ltr'>deniqne</span> <span class='ocrx_word' id='word_1_239' title='bbox 924 1743 967 1780; x_wconf 88' lang='lat' dir='ltr'>in</span> <span class='ocrx_word' id='word_1_240' title='bbox 998 1742 1189 1792; x_wconf 75' lang='lat' dir='ltr'>agonibus</span> <span class='ocrx_word' id='word_1_241' title='bbox 1219 1742 1384 1792; x_wconf 75' lang='lat' dir='ltr'>gloriam</span> <span class='ocrx_word' id='word_1_242' title='bbox 1416 1742 1490 1780; x_wconf 78' lang='lat' dir='ltr'>sibi</span> <span class='ocrx_word' id='word_1_243' title='bbox 1521 1743 1814 1792; x_wconf 73' lang='lat' dir='ltr'>comparaverit.</span> <span class='ocrx_word' id='word_1_244' title='bbox 1851 1746 1888 1779; x_wconf 84' lang='lat' dir='ltr'>et</span> <span class='ocrx_word' id='word_1_245' title='bbox 1908 1743 1982 1780; x_wconf 86' lang='lat' dir='ltr'>iam</span> <span class='ocrx_word' id='word_1_246' title='bbox 2015 1741 2099 1778; x_wconf 90' lang='lat' dir='ltr'>vide</span> 
     </span>
     <span class='ocr_line' id='line_1_24' title="bbox 380 1808 2113 1863; baseline -0.002 -13"><span class='ocrx_word' id='word_1_247' title='bbox 380 1812 539 1863; x_wconf 84' lang='lat' dir='ltr'>planum</span> <span class='ocrx_word' id='word_1_248' title='bbox 571 1811 828 1850; x_wconf 82' lang='lat' dir='ltr'>consensum!</span> <span class='ocrx_word' id='word_1_249' title='bbox 870 1810 1081 1849; x_wconf 83' lang='lat' dir='ltr'>earundem</span> <span class='ocrx_word' id='word_1_250' title='bbox 1113 1822 1276 1861; x_wconf 78' lang='lat' dir='ltr'>prorsus</span> <span class='ocrx_word' id='word_1_251' title='bbox 1307 1823 1441 1848; x_wconf 87' lang='lat' dir='ltr'>rerum</span> <span class='ocrx_word' id='word_1_252' title='bbox 1472 1811 1664 1848; x_wconf 86' lang='lat' dir='ltr'>rationem</span> <span class='ocrx_word' id='word_1_253' title='bbox 1688 1810 1886 1847; x_wconf 83' lang='lat' dir='ltr'>cernimus</span> <span class='ocrx_word' id='word_1_254' title='bbox 1918 1808 2113 1847; x_wconf 54' lang='lat' dir='ltr'>habuisse</span> 
     </span>
     <span class='ocr_line' id='line_1_25' title="bbox 379 1877 1625 1928; baseline -0.002 -10"><span class='ocrx_word' id='word_1_255' title='bbox 379 1884 580 1918; x_wconf 73' lang='lat' dir='ltr'>auctorem</span> <span class='ocrx_word' id='word_1_256' title='bbox 613 1879 754 1917; x_wconf 86' lang='lat' dir='ltr'>Suidae</span> <span class='ocrx_word' id='word_1_257' title='bbox 784 1880 825 1917; x_wconf 91' lang='lat' dir='ltr'>in</span> <span class='ocrx_word' id='word_1_258' title='bbox 856 1877 1120 1916; x_wconf 84' lang='lat' dir='ltr'>notationibus</span> <span class='ocrx_word' id='word_1_259' title='bbox 1151 1878 1199 1915; x_wconf 91' lang='lat' dir='ltr'>de</span> <span class='ocrx_word' id='word_1_260' title='bbox 1228 1879 1354 1928; x_wconf 86' lang='lat' dir='ltr'>poetis</span> <span class='ocrx_word' id='word_1_261' title='bbox 1387 1883 1425 1916; x_wconf 84' lang='lat' dir='ltr'>et</span> <span class='ocrx_word' id='word_1_262' title='bbox 1454 1878 1625 1915; x_wconf 84' lang='lat' dir='ltr'>musicis.</span> 
     </span>
    </p>

    <p class='ocr_par' dir='ltr' id='par_1_3' title="bbox 378 1944 2097 2402">
     <span class='ocr_line' id='line_1_26' title="bbox 492 1944 2096 1998; baseline -0.001 -13"><span class='ocrx_word' id='word_1_263' title='bbox 492 1947 668 1998; x_wconf 84' lang='lat' dir='ltr'>Namque</span> <span class='ocrx_word' id='word_1_264' title='bbox 700 1947 871 1998; x_wconf 87' lang='lat' dir='ltr'>primum</span> <span class='ocrx_word' id='word_1_265' title='bbox 903 1944 1047 1995; x_wconf 85' lang='grc' dir='ltr'>ἀρχῶν</span> <span class='ocrx_word' id='word_1_266' title='bbox 1086 1946 1403 1996; x_wconf 81' lang='lat' dir='ltr'>frequentissima</span> <span class='ocrx_word' id='word_1_267' title='bbox 1443 1946 1631 1983; x_wconf 83' lang='lat' dir='ltr'>memoria</span> <span class='ocrx_word' id='word_1_268' title='bbox 1671 1948 1729 1982; x_wconf 86' lang='lat' dir='ltr'>cst</span> <span class='ocrx_word' id='word_1_269' title='bbox 1766 1945 1805 1982; x_wconf 89' lang='lat' dir='ltr'>in</span> <span class='ocrx_word' id='word_1_270' title='bbox 1837 1944 2034 1993; x_wconf 73' lang='lat' dir='ltr'>tragoedia</span> <span class='ocrx_word' id='word_1_271' title='bbox 2066 1956 2096 1983; x_wconf 85' lang='lat' dir='ltr'>s.</span> 
     </span>
     <span class='ocr_line' id='line_1_27' title="bbox 379 2010 2097 2069; baseline -0.002 -15"><span class='ocrx_word' id='word_1_272' title='bbox 379 2028 412 2054; x_wconf 85' lang='grc' dir='ltr'>ν.</span> <span class='ocrx_word' id='word_1_273' title='bbox 438 2014 610 2069; x_wconf 80' lang='grc' dir='ltr'>Θέςπις,</span> <span class='ocrx_word' id='word_1_274' title='bbox 633 2013 865 2064; x_wconf 80' lang='grc' dir='ltr'>Φρύνιχος,</span> <span class='ocrx_word' id='word_1_275' title='bbox 890 2011 1102 2062; x_wconf 87' lang='grc' dir='ltr'>Χοιρίλος,</span> <span class='ocrx_word' id='word_1_276' title='bbox 1124 2011 1344 2062; x_wconf 83' lang='grc' dir='ltr'>Αἰςχύλος,</span> <span class='ocrx_word' id='word_1_277' title='bbox 1375 2011 1615 2062; x_wconf 77' lang='grc' dir='ltr'>(οφοκλῆς,</span> <span class='ocrx_word' id='word_1_278' title='bbox 1636 2010 1869 2061; x_wconf 77' lang='grc' dir='ltr'>Πρατίνας,</span> <span class='ocrx_word' id='word_1_279' title='bbox 1890 2010 2097 2061; x_wconf 85' lang='grc' dir='ltr'>Ἀρίςταρ-</span> 
     </span>
     <span class='ocr_line' id='line_1_28' title="bbox 378 2080 2096 2132; baseline -0.003 -10"><span class='ocrx_word' id='word_1_280' title='bbox 378 2095 475 2132; x_wconf 83' lang='grc' dir='ltr'>χοε,</span> <span class='ocrx_word' id='word_1_281' title='bbox 504 2081 737 2132; x_wconf 85' lang='grc' dir='ltr'>Νεόφρων,</span> <span class='ocrx_word' id='word_1_282' title='bbox 770 2087 886 2131; x_wconf 77' lang='lat' dir='ltr'>atque</span> <span class='ocrx_word' id='word_1_283' title='bbox 917 2082 955 2119; x_wconf 91' lang='lat' dir='ltr'>in</span> <span class='ocrx_word' id='word_1_284' title='bbox 988 2080 1200 2130; x_wconf 80' lang='lat' dir='ltr'>generibus</span> <span class='ocrx_word' id='word_1_285' title='bbox 1231 2080 1462 2131; x_wconf 85' lang='lat' dir='ltr'>quibusdam</span> <span class='ocrx_word' id='word_1_286' title='bbox 1494 2092 1660 2131; x_wconf 83' lang='lat' dir='ltr'>poeseos</span> <span class='ocrx_word' id='word_1_287' title='bbox 1692 2092 1711 2117; x_wconf 83' lang='lat' dir='ltr'>a</span> <span class='ocrx_word' id='word_1_288' title='bbox 1733 2081 1878 2129; x_wconf 84' lang='lat' dir='ltr'>tragica</span> <span class='ocrx_word' id='word_1_289' title='bbox 1901 2084 1982 2117; x_wconf 86' lang='lat' dir='ltr'>arte</span> <span class='ocrx_word' id='word_1_290' title='bbox 2004 2092 2096 2130; x_wconf 91' lang='lat' dir='ltr'>pro—</span> 
     </span>
     <span class='ocr_line' id='line_1_29' title="bbox 381 2145 2096 2200; baseline -0.001 -12"><span class='ocrx_word' id='word_1_291' title='bbox 381 2152 493 2188; x_wconf 75' lang='lat' dir='ltr'>sectis</span> <span class='ocrx_word' id='word_1_292' title='bbox 526 2164 554 2188; x_wconf 76' lang='lat' dir='ltr'>s.</span> <span class='ocrx_word' id='word_1_293' title='bbox 581 2163 613 2188; x_wconf 79' lang='lat' dir='ltr'>v,</span> <span class='ocrx_word' id='word_1_294' title='bbox 638 2147 901 2200; x_wconf 59' lang='grc' dir='ltr'>ἈλκαῖοςῊ),</span> <span class='ocrx_word' id='word_1_295' title='bbox 934 2146 1331 2199; x_wconf 60' lang='grc' dir='ltr'>Ἀπολλόδωροςῖῧ),</span> <span class='ocrx_word' id='word_1_296' title='bbox 1364 2147 1553 2195; x_wconf 77' lang='grc' dir='ltr'>Ῥίνθων,</span> <span class='ocrx_word' id='word_1_297' title='bbox 1583 2149 1623 2185; x_wconf 93' lang='lat' dir='ltr'>in</span> <span class='ocrx_word' id='word_1_298' title='bbox 1650 2147 1848 2185; x_wconf 75' lang='lat' dir='ltr'>comoedia</span> <span class='ocrx_word' id='word_1_299' title='bbox 1871 2160 1899 2186; x_wconf 77' lang='lat' dir='ltr'>s,</span> <span class='ocrx_word' id='word_1_300' title='bbox 1925 2159 1956 2185; x_wconf 78' lang='lat' dir='ltr'>V.</span> <span class='ocrx_word' id='word_1_301' title='bbox 1991 2145 2096 2186; x_wconf 86' lang='grc' dir='ltr'>Ἐπί-</span> 
     </span>
     <span class='ocr_line' id='line_1_30' title="bbox 379 2214 2095 2266; baseline -0.002 -10"><span class='ocrx_word' id='word_1_302' title='bbox 379 2230 558 2266; x_wconf 81' lang='grc' dir='ltr'>χαρμος,</span> <span class='ocrx_word' id='word_1_303' title='bbox 589 2216 778 2266; x_wconf 80' lang='grc' dir='ltr'>Φόρμος,</span> <span class='ocrx_word' id='word_1_304' title='bbox 802 2215 1025 2265; x_wconf 82' lang='grc' dir='ltr'>Χιωνίδης,</span> <span class='ocrx_word' id='word_1_305' title='bbox 1047 2215 1368 2266; x_wconf 84' lang='grc' dir='ltr'>Ἀριςτοφάνης,</span> <span class='ocrx_word' id='word_1_306' title='bbox 1396 2214 1737 2265; x_wconf 73' lang='grc' dir='ltr'>Ἀναξανδρίδης,</span> <span class='ocrx_word' id='word_1_307' title='bbox 1769 2216 1807 2253; x_wconf 90' lang='lat' dir='ltr'>in</span> <span class='ocrx_word' id='word_1_308' title='bbox 1837 2216 1947 2265; x_wconf 83' lang='lat' dir='ltr'>poesi</span> <span class='ocrx_word' id='word_1_309' title='bbox 1978 2214 2095 2266; x_wconf 75' lang='lat' dir='ltr'>lyrica</span> 
     </span>
     <span class='ocr_line' id='line_1_31' title="bbox 379 2280 2094 2333; baseline -0.001 -11"><span class='ocrx_word' id='word_1_310' title='bbox 379 2299 408 2323; x_wconf 82' lang='lat' dir='ltr'>s.</span> <span class='ocrx_word' id='word_1_311' title='bbox 442 2296 474 2322; x_wconf 82' lang='lat' dir='ltr'>v.</span> <span class='ocrx_word' id='word_1_312' title='bbox 510 2283 657 2331; x_wconf 73' lang='grc' dir='ltr'>Λῑνος,</span> <span class='ocrx_word' id='word_1_313' title='bbox 681 2282 929 2333; x_wconf 66' lang='lat' dir='ltr'>[monzione.</span> <span class='ocrx_word' id='word_1_314' title='bbox 958 2284 1187 2327; x_wconf 73' lang='grc' dir='ltr'>Ἱππῶναξ,</span> <span class='ocrx_word' id='word_1_315' title='bbox 1209 2283 1496 2333; x_wconf 86' lang='grc' dir='ltr'>Τέρπανδρος,</span> <span class='ocrx_word' id='word_1_316' title='bbox 1526 2281 1722 2332; x_wconf 76' lang='grc' dir='ltr'>Ἀλκμάν,</span> <span class='ocrx_word' id='word_1_317' title='bbox 1749 2280 1917 2331; x_wconf 58' lang='grc' dir='ltr'>Ἀρίων,</span> <span class='ocrx_word' id='word_1_318' title='bbox 1948 2280 2094 2330; x_wconf 83' lang='grc' dir='ltr'>Λᾶςος,</span> 
     </span>
     <span class='ocr_line' id='line_1_32' title="bbox 382 2347 2094 2402; baseline -0.002 -11"><span class='ocrx_word' id='word_1_319' title='bbox 382 2351 652 2402; x_wconf 77' lang='grc' dir='ltr'>(τηςίχορος,</span> <span class='ocrx_word' id='word_1_320' title='bbox 677 2349 1014 2400; x_wconf 71' lang='grc' dir='ltr'>Μελανιππίδης,</span> <span class='ocrx_word' id='word_1_321' title='bbox 1046 2353 1085 2390; x_wconf 92' lang='lat' dir='ltr'>in</span> <span class='ocrx_word' id='word_1_322' title='bbox 1116 2352 1227 2402; x_wconf 84' lang='lat' dir='ltr'>poesi</span> <span class='ocrx_word' id='word_1_323' title='bbox 1259 2355 1366 2395; x_wconf 82' lang='lat' dir='ltr'>ePica</span> <span class='ocrx_word' id='word_1_324' title='bbox 1399 2364 1427 2389; x_wconf 84' lang='lat' dir='ltr'>s.</span> <span class='ocrx_word' id='word_1_325' title='bbox 1452 2363 1486 2389; x_wconf 82' lang='lat' dir='ltr'>v,</span> <span class='ocrx_word' id='word_1_326' title='bbox 1523 2349 1724 2400; x_wconf 87' lang='grc' dir='ltr'>Κόριννος</span> <span class='ocrx_word' id='word_1_327' title='bbox 1756 2355 1793 2388; x_wconf 79' lang='lat' dir='ltr'>ct</span> <span class='ocrx_word' id='word_1_328' title='bbox 1822 2347 2094 2398; x_wconf 89' lang='grc' dir='ltr'>Πείςανδρος,</span> 
     </span>
    </p>
   </div>
   <div class='ocr_carea' id='block_1_3' title="bbox 378 2517 2093 3280">
    <p class='ocr_par' dir='ltr' id='par_1_4' title="bbox 378 2517 2092 2652">
     <span class='ocr_line' id='line_1_33' title="bbox 466 2517 2092 2561; baseline -0.002 -10"><span class='ocrx_word' id='word_1_329' title='bbox 466 2520 509 2561; x_wconf 67' lang='grc'>26)</span> <span class='ocrx_word' id='word_1_330' title='bbox 543 2522 707 2561; x_wconf 80' lang='lat' dir='ltr'>quamvis</span> <span class='ocrx_word' id='word_1_331' title='bbox 738 2523 775 2552; x_wconf 85' lang='lat' dir='ltr'>in</span> <span class='ocrx_word' id='word_1_332' title='bbox 805 2521 984 2552; x_wconf 84' lang='lat' dir='ltr'>Photiano</span> <span class='ocrx_word' id='word_1_333' title='bbox 1016 2520 1095 2552; x_wconf 88' lang='lat' dir='ltr'>loco</span> <span class='ocrx_word' id='word_1_334' title='bbox 1126 2523 1267 2551; x_wconf 83' lang='lat' dir='ltr'>tantum</span> <span class='ocrx_word' id='word_1_335' title='bbox 1299 2520 1342 2551; x_wconf 86' lang='lat' dir='ltr'>de</span> <span class='ocrx_word' id='word_1_336' title='bbox 1376 2520 1493 2561; x_wconf 85' lang='lat' dir='ltr'>poetis</span> <span class='ocrx_word' id='word_1_337' title='bbox 1524 2519 1676 2560; x_wconf 73' lang='lat' dir='ltr'>tragicis</span> <span class='ocrx_word' id='word_1_338' title='bbox 1709 2518 1858 2550; x_wconf 86' lang='lat' dir='ltr'>comicis</span> <span class='ocrx_word' id='word_1_339' title='bbox 1889 2517 2015 2558; x_wconf 82' lang='lat' dir='ltr'>lyrieis</span> <span class='ocrx_word' id='word_1_340' title='bbox 2041 2518 2092 2548; x_wconf 86' lang='lat' dir='ltr'>‹li-</span> 
     </span>
     <span class='ocr_line' id='line_1_34' title="bbox 380 2564 2092 2607; baseline -0.002 -10"><span class='ocrx_word' id='word_1_341' title='bbox 380 2569 494 2601; x_wconf 82' lang='lat' dir='ltr'>catnr‚</span> <span class='ocrx_word' id='word_1_342' title='bbox 521 2569 643 2596; x_wconf 79' lang='lat' dir='ltr'>tamen</span> <span class='ocrx_word' id='word_1_343' title='bbox 668 2566 908 2607; x_wconf 74' lang='lat' dir='ltr'>probabiliter</span> <span class='ocrx_word' id='word_1_344' title='bbox 932 2569 1053 2607; x_wconf 82' lang='lat' dir='ltr'>potest</span> <span class='ocrx_word' id='word_1_345' title='bbox 1078 2566 1197 2596; x_wconf 87' lang='lat' dir='ltr'>conici</span> <span class='ocrx_word' id='word_1_346' title='bbox 1224 2566 1332 2596; x_wconf 85' lang='lat' dir='ltr'>etiam</span> <span class='ocrx_word' id='word_1_347' title='bbox 1358 2565 1394 2595; x_wconf 90' lang='lat' dir='ltr'>in</span> <span class='ocrx_word' id='word_1_348' title='bbox 1420 2565 1534 2606; x_wconf 86' lang='lat' dir='ltr'>epicis</span> <span class='ocrx_word' id='word_1_349' title='bbox 1562 2564 1617 2605; x_wconf 85' lang='lat' dir='ltr'>(de</span> <span class='ocrx_word' id='word_1_350' title='bbox 1645 2565 1775 2605; x_wconf 82' lang='lat' dir='ltr'>quibus</span> <span class='ocrx_word' id='word_1_351' title='bbox 1791 2564 1831 2595; x_wconf 76' lang='lat' dir='ltr'>vin</span> <span class='ocrx_word' id='word_1_352' title='bbox 1849 2566 1974 2605; x_wconf 82' lang='lat' dir='ltr'>quarto</span> <span class='ocrx_word' id='word_1_353' title='bbox 1994 2564 2092 2604; x_wconf 87' lang='lat' dir='ltr'>quin-</span> 
     </span>
     <span class='ocr_line' id='line_1_35' title="bbox 378 2610 1738 2652; baseline -0.001 -11"><span class='ocrx_word' id='word_1_354' title='bbox 378 2615 485 2652; x_wconf 80' lang='lat' dir='ltr'>toque.</span> <span class='ocrx_word' id='word_1_355' title='bbox 512 2611 604 2642; x_wconf 80' lang='lat' dir='ltr'>libro</span> <span class='ocrx_word' id='word_1_356' title='bbox 632 2612 707 2650; x_wconf 57' lang='lat' dir='ltr'>egit</span> <span class='ocrx_word' id='word_1_357' title='bbox 731 2610 861 2649; x_wconf 79' lang='lat' dir='ltr'>Rufus)</span> <span class='ocrx_word' id='word_1_358' title='bbox 889 2611 1014 2641; x_wconf 70' lang='lat' dir='ltr'>eadem</span> <span class='ocrx_word' id='word_1_359' title='bbox 1042 2615 1212 2651; x_wconf 86' lang='lat' dir='ltr'>qnantum</span> <span class='ocrx_word' id='word_1_360' title='bbox 1239 2610 1342 2641; x_wconf 82' lang='lat' dir='ltr'>licuit</span> <span class='ocrx_word' id='word_1_361' title='bbox 1368 2610 1621 2641; x_wconf 80' lang='lat' dir='ltr'>animadversa</span> <span class='ocrx_word' id='word_1_362' title='bbox 1646 2620 1738 2640; x_wconf 77' lang='lat' dir='ltr'>esse.</span> 
     </span>
    </p>

    <p class='ocr_par' dir='ltr' id='par_1_5' title="bbox 378 2652 2093 2922">
     <span class='ocr_line' id='line_1_36' title="bbox 467 2652 2093 2696; baseline -0.001 -9"><span class='ocrx_word' id='word_1_363' title='bbox 467 2654 513 2695; x_wconf 75' lang='lat'>²⁷)</span> <span class='ocrx_word' id='word_1_364' title='bbox 546 2667 572 2687; x_wconf 76' lang='lat' dir='ltr'>s.</span> <span class='ocrx_word' id='word_1_365' title='bbox 599 2667 631 2687; x_wconf 88' lang='lat' dir='ltr'>v.</span> <span class='ocrx_word' id='word_1_366' title='bbox 663 2655 827 2687; x_wconf 84' lang='grc' dir='ltr'>Ἀλκαῖος</span> <span class='ocrx_word' id='word_1_367' title='bbox 856 2654 1047 2696; x_wconf 77' lang='grc' dir='ltr'>Ἀθηναῖος</span> <span class='ocrx_word' id='word_1_368' title='bbox 1072 2654 1262 2696; x_wconf 78' lang='grc' dir='ltr'>τραγικός,</span> <span class='ocrx_word' id='word_1_369' title='bbox 1295 2654 1338 2686; x_wconf 89' lang='grc' dir='ltr'>ὅν</span> <span class='ocrx_word' id='word_1_370' title='bbox 1369 2664 1466 2687; x_wconf 87' lang='grc' dir='ltr'>τινες</span> <span class='ocrx_word' id='word_1_371' title='bbox 1492 2654 1633 2686; x_wconf 85' lang='grc' dir='ltr'>θέλουςι</span> <span class='ocrx_word' id='word_1_372' title='bbox 1658 2655 1811 2695; x_wconf 88' lang='grc' dir='ltr'>πρῶτον</span> <span class='ocrx_word' id='word_1_373' title='bbox 1835 2652 2012 2694; x_wconf 89' lang='grc' dir='ltr'>τραγικὸν</span> <span class='ocrx_word' id='word_1_374' title='bbox 2036 2662 2093 2692; x_wconf 89' lang='grc' dir='ltr'>γε-</span> 
     </span>
     <span class='ocr_line' id='line_1_37' title="bbox 378 2698 2091 2742; baseline -0.002 -9"><span class='ocrx_word' id='word_1_375' title='bbox 378 2699 535 2740; x_wconf 79' lang='grc' dir='ltr'>γονέναι.</span> <span class='ocrx_word' id='word_1_376' title='bbox 576 2711 667 2742; x_wconf 85' lang='lat' dir='ltr'>quae</span> <span class='ocrx_word' id='word_1_377' title='bbox 696 2711 908 2741; x_wconf 79' lang='lat' dir='ltr'>quamqualn</span> <span class='ocrx_word' id='word_1_378' title='bbox 936 2700 993 2732; x_wconf 88' lang='lat' dir='ltr'>vel</span> <span class='ocrx_word' id='word_1_379' title='bbox 1020 2701 1153 2731; x_wconf 57' lang='lat' dir='ltr'>§uidae</span> <span class='ocrx_word' id='word_1_380' title='bbox 1180 2700 1339 2731; x_wconf 78' lang='lat' dir='ltr'>stultitia</span> <span class='ocrx_word' id='word_1_381' title='bbox 1364 2700 1420 2731; x_wconf 84' lang='lat' dir='ltr'>vel</span> <span class='ocrx_word' id='word_1_382' title='bbox 1447 2700 1677 2731; x_wconf 77' lang='lat' dir='ltr'>librariorum</span> <span class='ocrx_word' id='word_1_383' title='bbox 1702 2699 1940 2740; x_wconf 78' lang='lat' dir='ltr'>neglegentia</span> <span class='ocrx_word' id='word_1_384' title='bbox 1964 2698 2091 2730; x_wconf 77' lang='lat' dir='ltr'>obscu-</span> 
     </span>
     <span class='ocr_line' id='line_1_38' title="bbox 378 2744 2091 2786; baseline -0.002 -9"><span class='ocrx_word' id='word_1_385' title='bbox 378 2750 460 2777; x_wconf 83' lang='lat' dir='ltr'>rata</span> <span class='ocrx_word' id='word_1_386' title='bbox 486 2748 585 2783; x_wconf 79' lang='lat' dir='ltr'>sunt,</span> <span class='ocrx_word' id='word_1_387' title='bbox 617 2745 729 2776; x_wconf 83' lang='lat' dir='ltr'>nihilo</span> <span class='ocrx_word' id='word_1_388' title='bbox 763 2747 874 2776; x_wconf 69' lang='lat' dir='ltr'>setius</span> <span class='ocrx_word' id='word_1_389' title='bbox 907 2745 965 2776; x_wconf 76' lang='lat' dir='ltr'>vix</span> <span class='ocrx_word' id='word_1_390' title='bbox 997 2745 1155 2775; x_wconf 86' lang='lat' dir='ltr'>dubitari</span> <span class='ocrx_word' id='word_1_391' title='bbox 1180 2748 1319 2786; x_wconf 80' lang='lat' dir='ltr'>potest,</span> <span class='ocrx_word' id='word_1_392' title='bbox 1353 2745 1553 2785; x_wconf 73' lang='lat' dir='ltr'>significari</span> <span class='ocrx_word' id='word_1_393' title='bbox 1581 2745 1650 2784; x_wconf 83' lang='lat' dir='ltr'>eis,</span> <span class='ocrx_word' id='word_1_394' title='bbox 1682 2744 1854 2775; x_wconf 79' lang='lat' dir='ltr'>Alcaeum</span> <span class='ocrx_word' id='word_1_395' title='bbox 1879 2744 2091 2784; x_wconf 84' lang='lat' dir='ltr'>scriptorem</span> 
     </span>
     <span class='ocr_line' id='line_1_39' title="bbox 378 2787 2091 2832; baseline -0.002 -10"><span class='ocrx_word' id='word_1_396' title='bbox 378 2791 528 2822; x_wconf 79' lang='lat' dir='ltr'>fabulae</span> <span class='ocrx_word' id='word_1_397' title='bbox 555 2788 911 2832; x_wconf 80' lang='grc' dir='ltr'>Κωμῳδοτραγωδία</span> <span class='ocrx_word' id='word_1_398' title='bbox 943 2788 1122 2831; x_wconf 85' lang='lat' dir='ltr'>(quacum</span> <span class='ocrx_word' id='word_1_399' title='bbox 1155 2795 1239 2831; x_wconf 81' lang='lat' dir='ltr'>apte</span> <span class='ocrx_word' id='word_1_400' title='bbox 1264 2790 1468 2821; x_wconf 79' lang='lat' dir='ltr'>Meinekius</span> <span class='ocrx_word' id='word_1_401' title='bbox 1500 2790 1582 2823; x_wconf 77' lang='lat' dir='ltr'>hist.</span> <span class='ocrx_word' id='word_1_402' title='bbox 1613 2800 1701 2820; x_wconf 87' lang='lat' dir='ltr'>com.</span> <span class='ocrx_word' id='word_1_403' title='bbox 1729 2789 1789 2822; x_wconf 88' lang='lat' dir='ltr'>Gr.</span> <span class='ocrx_word' id='word_1_404' title='bbox 1820 2799 1854 2830; x_wconf 85' lang='lat' dir='ltr'>p.</span> <span class='ocrx_word' id='word_1_405' title='bbox 1881 2789 1945 2820; x_wconf 79' lang='lat'>257</span> <span class='ocrx_word' id='word_1_406' title='bbox 1970 2787 2091 2819; x_wconf 85' lang='lat' dir='ltr'>Plauti</span> 
     </span>
     <span class='ocr_line' id='line_1_40' title="bbox 378 2833 2091 2877; baseline -0.002 -11"><span class='ocrx_word' id='word_1_407' title='bbox 378 2837 670 2877; x_wconf 72' lang='lat' dir='ltr'>lrayimmmede&#39;am</span> <span class='ocrx_word' id='word_1_408' title='bbox 695 2835 989 2876; x_wconf 67' lang='lat' dir='ltr'>Amphitruonem</span> <span class='ocrx_word' id='word_1_409' title='bbox 1022 2835 1193 2875; x_wconf 82' lang='lat' dir='ltr'>eontulit)</span> <span class='ocrx_word' id='word_1_410' title='bbox 1220 2836 1422 2876; x_wconf 82' lang='lat' dir='ltr'>principem</span> <span class='ocrx_word' id='word_1_411' title='bbox 1447 2835 1559 2866; x_wconf 81' lang='lat' dir='ltr'>fuisse</span> <span class='ocrx_word' id='word_1_412' title='bbox 1583 2834 1748 2865; x_wconf 82' lang='lat' dir='ltr'>habitum</span> <span class='ocrx_word' id='word_1_413' title='bbox 1774 2835 1834 2874; x_wconf 88' lang='lat' dir='ltr'>qui</span> <span class='ocrx_word' id='word_1_414' title='bbox 1862 2833 2091 2874; x_wconf 80' lang='lat' dir='ltr'>disciplinam</span> 
     </span>
     <span class='ocr_line' id='line_1_41' title="bbox 378 2878 1851 2922; baseline -0.001 -10"><span class='ocrx_word' id='word_1_415' title='bbox 378 2881 591 2922; x_wconf 68' lang='lat' dir='ltr'>tragoediae</span> <span class='ocrx_word' id='word_1_416' title='bbox 624 2891 704 2912; x_wconf 86' lang='lat' dir='ltr'>eum</span> <span class='ocrx_word' id='word_1_417' title='bbox 731 2884 809 2910; x_wconf 77' lang='lat' dir='ltr'>arte</span> <span class='ocrx_word' id='word_1_418' title='bbox 835 2881 975 2910; x_wconf 79' lang='lat' dir='ltr'>comica</span> <span class='ocrx_word' id='word_1_419' title='bbox 1001 2880 1175 2919; x_wconf 81' lang='lat' dir='ltr'>sociaret3</span> <span class='ocrx_word' id='word_1_420' title='bbox 1205 2880 1283 2911; x_wconf 84' lang='lat' dir='ltr'>vide</span> <span class='ocrx_word' id='word_1_421' title='bbox 1308 2880 1521 2921; x_wconf 76' lang='lat' dir='ltr'>Bernhardy</span> <span class='ocrx_word' id='word_1_422' title='bbox 1546 2880 1591 2910; x_wconf 86' lang='lat' dir='ltr'>ad</span> <span class='ocrx_word' id='word_1_423' title='bbox 1618 2879 1748 2910; x_wconf 75' lang='lat' dir='ltr'>Suidae</span> <span class='ocrx_word' id='word_1_424' title='bbox 1774 2878 1796 2912; x_wconf 93' lang='lat' dir='ltr'>l.</span> <span class='ocrx_word' id='word_1_425' title='bbox 1823 2888 1851 2911; x_wconf 82' lang='lat' dir='ltr'>S.</span> 
     </span>
    </p>

    <p class='ocr_par' dir='ltr' id='par_1_6' title="bbox 378 2921 2091 3280">
     <span class='ocr_line' id='line_1_42' title="bbox 469 2921 2091 2966; baseline -0.002 -10"><span class='ocrx_word' id='word_1_426' title='bbox 469 2926 515 2966; x_wconf 59' lang='lat'>²⁵)</span> <span class='ocrx_word' id='word_1_427' title='bbox 552 2936 580 2957; x_wconf 81' lang='lat' dir='ltr'>s.</span> <span class='ocrx_word' id='word_1_428' title='bbox 607 2936 640 2958; x_wconf 87' lang='lat' dir='ltr'>V.</span> <span class='ocrx_word' id='word_1_429' title='bbox 678 2923 961 2964; x_wconf 81' lang='grc' dir='ltr'>Ἀπολλόδωρος</span> <span class='ocrx_word' id='word_1_430' title='bbox 999 2923 1264 2965; x_wconf 73' lang='grc' dir='ltr'>Ἀςκληπιάδου</span> <span class='ocrx_word' id='word_1_431' title='bbox 1292 2949 1324 2956; x_wconf 93' lang='grc'>..</span> <span class='ocrx_word' id='word_1_432' title='bbox 1361 2924 1449 2965; x_wconf 74' lang='grc' dir='ltr'>ἦρξε</span> <span class='ocrx_word' id='word_1_433' title='bbox 1485 2923 1524 2955; x_wconf 76' lang='grc' dir='ltr'>δὲ</span> <span class='ocrx_word' id='word_1_434' title='bbox 1559 2926 1709 2965; x_wconf 83' lang='grc' dir='ltr'>πρῶτος</span> <span class='ocrx_word' id='word_1_435' title='bbox 1741 2924 1820 2955; x_wconf 87' lang='grc' dir='ltr'>τῶν</span> <span class='ocrx_word' id='word_1_436' title='bbox 1850 2921 2091 2962; x_wconf 86' lang='grc' dir='ltr'>καλουμένων</span> 
     </span>
     <span class='ocr_line' id='line_1_43' title="bbox 378 2968 2090 3011; baseline -0.002 -9"><span class='ocrx_word' id='word_1_437' title='bbox 378 2969 626 3011; x_wconf 78' lang='grc' dir='ltr'>τραγιάμβων.</span> <span class='ocrx_word' id='word_1_438' title='bbox 657 2970 880 3011; x_wconf 68' lang='lat' dir='ltr'>tragiambos</span> <span class='ocrx_word' id='word_1_439' title='bbox 912 2969 985 2999; x_wconf 84' lang='lat' dir='ltr'>dici.</span> <span class='ocrx_word' id='word_1_440' title='bbox 1017 2979 1095 3000; x_wconf 89' lang='lat' dir='ltr'>cum</span> <span class='ocrx_word' id='word_1_441' title='bbox 1121 2970 1372 3011; x_wconf 79' lang='lat' dir='ltr'>Bernhardyio</span> <span class='ocrx_word' id='word_1_442' title='bbox 1405 2969 1498 3001; x_wconf 87' lang='lat' dir='ltr'>adl.</span> <span class='ocrx_word' id='word_1_443' title='bbox 1524 2979 1553 3000; x_wconf 87' lang='lat' dir='ltr'>S.</span> <span class='ocrx_word' id='word_1_444' title='bbox 1586 2969 1693 3000; x_wconf 85' lang='lat' dir='ltr'>eredo</span> <span class='ocrx_word' id='word_1_445' title='bbox 1724 2969 1811 3000; x_wconf 86' lang='lat' dir='ltr'>serii</span> <span class='ocrx_word' id='word_1_446' title='bbox 1845 2970 1880 2998; x_wconf 84' lang='lat' dir='ltr'>et</span> <span class='ocrx_word' id='word_1_447' title='bbox 1911 2968 2090 3007; x_wconf 66' lang='lat' dir='ltr'>gravioris</span> 
     </span>
     <span class='ocr_line' id='line_1_44' title="bbox 378 3012 2089 3057; baseline -0.002 -12"><span class='ocrx_word' id='word_1_448' title='bbox 378 3026 462 3047; x_wconf 84' lang='lat' dir='ltr'>usus</span> <span class='ocrx_word' id='word_1_449' title='bbox 488 3017 666 3057; x_wconf 74' lang='lat' dir='ltr'>senarios,</span> <span class='ocrx_word' id='word_1_450' title='bbox 694 3014 820 3056; x_wconf 83' lang='lat' dir='ltr'>quales</span> <span class='ocrx_word' id='word_1_451' title='bbox 846 3014 883 3044; x_wconf 87' lang='lat' dir='ltr'>in</span> <span class='ocrx_word' id='word_1_452' title='bbox 902 3015 1173 3055; x_wconf 71' lang='lat' dir='ltr'>pertractandis</span> <span class='ocrx_word' id='word_1_453' title='bbox 1192 3015 1308 3045; x_wconf 78' lang='lat' dir='ltr'>doctis</span> <span class='ocrx_word' id='word_1_454' title='bbox 1335 3015 1557 3055; x_wconf 73' lang='lat' dir='ltr'>argumentis</span> <span class='ocrx_word' id='word_1_455' title='bbox 1583 3014 1824 3045; x_wconf 82' lang='lat' dir='ltr'>adhibuerunt</span> <span class='ocrx_word' id='word_1_456' title='bbox 1840 3012 2089 3053; x_wconf 84' lang='lat' dir='ltr'>Apollodorus,</span> 
     </span>
     <span class='ocr_line' id='line_1_45' title="bbox 380 3057 2089 3101; baseline -0.001 -11"><span class='ocrx_word' id='word_1_457' title='bbox 380 3062 554 3101; x_wconf 62' lang='lat' dir='ltr'>Seymnus</span> <span class='ocrx_word' id='word_1_458' title='bbox 582 3061 656 3091; x_wconf 88' lang='lat' dir='ltr'>alii.</span> <span class='ocrx_word' id='word_1_459' title='bbox 699 3071 782 3091; x_wconf 82' lang='lat' dir='ltr'>nam</span> <span class='ocrx_word' id='word_1_460' title='bbox 808 3070 878 3090; x_wconf 88' lang='lat' dir='ltr'>non</span> <span class='ocrx_word' id='word_1_461' title='bbox 904 3058 1018 3089; x_wconf 83' lang='lat' dir='ltr'>solnm</span> <span class='ocrx_word' id='word_1_462' title='bbox 1051 3062 1279 3099; x_wconf 62' lang='lat' dir='ltr'>‘graecorum</span> <span class='ocrx_word' id='word_1_463' title='bbox 1305 3061 1530 3101; x_wconf 78' lang='lat' dir='ltr'>scriptorum,</span> <span class='ocrx_word' id='word_1_464' title='bbox 1559 3059 1619 3100; x_wconf 81' lang='lat' dir='ltr'>qui</span> <span class='ocrx_word' id='word_1_465' title='bbox 1642 3058 1897 3089; x_wconf 85' lang='lat' dir='ltr'>historicarum</span> <span class='ocrx_word' id='word_1_466' title='bbox 1921 3057 1979 3088; x_wconf 86' lang='lat' dir='ltr'>vel</span> <span class='ocrx_word' id='word_1_467' title='bbox 2006 3068 2089 3097; x_wconf 74' lang='lat' dir='ltr'>geo-</span> 
     </span>
     <span class='ocr_line' id='line_1_46' title="bbox 379 3102 2089 3146; baseline -0.002 -11"><span class='ocrx_word' id='word_1_468' title='bbox 379 3106 634 3146; x_wconf 61' lang='lat' dir='ltr'>graphicarum</span> <span class='ocrx_word' id='word_1_469' title='bbox 662 3116 777 3136; x_wconf 87' lang='lat' dir='ltr'>rerum</span> <span class='ocrx_word' id='word_1_470' title='bbox 804 3103 1094 3145; x_wconf 80' lang='lat' dir='ltr'>explanationem</span> <span class='ocrx_word' id='word_1_471' title='bbox 1122 3105 1280 3136; x_wconf 85' lang='lat' dir='ltr'>iambico</span> <span class='ocrx_word' id='word_1_472' title='bbox 1306 3105 1466 3136; x_wconf 79' lang='lat' dir='ltr'>carmine</span> <span class='ocrx_word' id='word_1_473' title='bbox 1488 3104 1665 3145; x_wconf 85' lang='lat' dir='ltr'>complexi</span> <span class='ocrx_word' id='word_1_474' title='bbox 1690 3109 1789 3142; x_wconf 80' lang='lat' dir='ltr'>sunt,</span> <span class='ocrx_word' id='word_1_475' title='bbox 1815 3102 1950 3143; x_wconf 81' lang='lat' dir='ltr'>primus</span> <span class='ocrx_word' id='word_1_476' title='bbox 1976 3113 2089 3143; x_wconf 85' lang='lat' dir='ltr'>quan-</span> 
     </span>
     <span class='ocr_line' id='line_1_47' title="bbox 381 3146 2091 3191; baseline -0.001 -12"><span class='ocrx_word' id='word_1_477' title='bbox 381 3156 453 3180; x_wconf 83' lang='lat' dir='ltr'>tum</span> <span class='ocrx_word' id='word_1_478' title='bbox 480 3150 587 3181; x_wconf 85' lang='lat' dir='ltr'>hodie</span> <span class='ocrx_word' id='word_1_479' title='bbox 613 3150 697 3181; x_wconf 82' lang='lat' dir='ltr'>seiri</span> <span class='ocrx_word' id='word_1_480' title='bbox 722 3153 843 3191; x_wconf 78' lang='lat' dir='ltr'>potest</span> <span class='ocrx_word' id='word_1_481' title='bbox 875 3149 997 3180; x_wconf 79' lang='lat' dir='ltr'>extitit</span> <span class='ocrx_word' id='word_1_482' title='bbox 1027 3148 1266 3189; x_wconf 82' lang='lat' dir='ltr'>Apollodorus</span> <span class='ocrx_word' id='word_1_483' title='bbox 1297 3150 1552 3180; x_wconf 82' lang='lat' dir='ltr'>Atheniensis’</span> <span class='ocrx_word' id='word_1_484' title='bbox 1586 3147 1779 3190; x_wconf 84' lang='lat' dir='ltr'>(Meineke</span> <span class='ocrx_word' id='word_1_485' title='bbox 1804 3147 1919 3188; x_wconf 85' lang='lat' dir='ltr'>praef.</span> <span class='ocrx_word' id='word_1_486' title='bbox 1946 3146 2091 3188; x_wconf 77' lang='lat' dir='ltr'>Seymni</span> 
     </span>
     <span class='ocr_line' id='line_1_48' title="bbox 382 3192 2090 3236; baseline 0 -13"><span class='ocrx_word' id='word_1_487' title='bbox 382 3198 417 3223; x_wconf 89' lang='lat' dir='ltr'>et</span> <span class='ocrx_word' id='word_1_488' title='bbox 443 3195 605 3235; x_wconf 74' lang='lat' dir='ltr'>Dionysii</span> <span class='ocrx_word' id='word_1_489' title='bbox 632 3206 664 3236; x_wconf 89' lang='lat' dir='ltr'>p.</span> <span class='ocrx_word' id='word_1_490' title='bbox 683 3195 739 3235; x_wconf 83' lang='lat' dir='ltr'>V),</span> <span class='ocrx_word' id='word_1_491' title='bbox 768 3195 830 3226; x_wconf 81' lang='lat' dir='ltr'>sed</span> <span class='ocrx_word' id='word_1_492' title='bbox 857 3194 1000 3225; x_wconf 86' lang='lat' dir='ltr'>omnino</span> <span class='ocrx_word' id='word_1_493' title='bbox 1028 3203 1107 3224; x_wconf 86' lang='lat' dir='ltr'>eum</span> <span class='ocrx_word' id='word_1_494' title='bbox 1131 3195 1283 3235; x_wconf 88' lang='lat' dir='ltr'>primum</span> <span class='ocrx_word' id='word_1_495' title='bbox 1306 3195 1344 3226; x_wconf 87' lang='lat' dir='ltr'>in</span> <span class='ocrx_word' id='word_1_496' title='bbox 1368 3195 1435 3227; x_wconf 89' lang='lat' dir='ltr'>hoe</span> <span class='ocrx_word' id='word_1_497' title='bbox 1462 3204 1595 3234; x_wconf 64' lang='lat' dir='ltr'>genere</span> <span class='ocrx_word' id='word_1_498' title='bbox 1620 3192 1954 3234; x_wconf 19' lang='lat' dir='ltr'>prodiisseldoeent</span> <span class='ocrx_word' id='word_1_499' title='bbox 1976 3192 2090 3224; x_wconf 89' lang='lat' dir='ltr'>verba</span> 
     </span>
     <span class='ocr_line' id='line_1_49' title="bbox 381 3238 726 3280; baseline 0.009 -11"><span class='ocrx_word' id='word_1_500' title='bbox 381 3238 525 3278; x_wconf 73' lang='lat' dir='ltr'>Scymni</span> <span class='ocrx_word' id='word_1_501' title='bbox 551 3251 582 3272; x_wconf 91' lang='lat' dir='ltr'>v.</span> <span class='ocrx_word' id='word_1_502' title='bbox 607 3242 649 3271; x_wconf 85' lang='lat'>33</span> <span class='ocrx_word' id='word_1_503' title='bbox 674 3250 726 3280; x_wconf 75' lang='lat' dir='ltr'>sq.</span> 
     </span>
    </p>
   </div>
  </div>
 </body>
</html>
