2330 3606
481 149 520 186 H.
551 150 590 186 A.
623 148 758 185 KOCH:
791 148 1091 185 CONIECTANEA
1121 147 1164 184 IN
1192 148 1362 185 POETAS
1392 131 1589 184 LAT1NOS.
1811 143 1891 187 341

187 272 290 301 mum
319 272 462 309 maqno
489 265 594 309 petet
622 261 694 298 hoc
727 260 912 298 Acheloia
936 261 1107 308 supplex
1137 258 1195 296 Ab
1223 258 1315 297 Iove
1347 258 1558 302 Callirhoe,
1593 261 1698 298 natis
1722 260 1889 307 infauti-

187 329 256 367 bus
289 339 412 367 [2222203
441 328 577 366 Addat
613 339 706 366 neve
737 338 867 366 necem
897 329 1004 366 sinat
1037 338 1118 365 esse
1153 327 1289 364 ultoris
1324 327 1505 374 inultam,
1542 339 1616 365 nec
1654 328 1893 379 optimorum

186 395 378 434 librorum
409 395 483 433 fide
514 395 693 433 nituntur
732 399 769 432 et
798 395 1039 433 mentionem
1069 394 1207 432 borum
1238 405 1450 439 annorum,
1485 394 1626 444 quibus
1656 396 1773 446 primi
1803 396 1893 434 anni

186 475 322 502 versus
354 466 433 506 399
465 463 727 506 continentur,
761 463 844 500 sine
876 461 953 501 ulla
983 461 1255 514 probabilitate
1287 466 1472 500 removet.
1524 462 1658 512 Itaque
1690 475 1710 500 e
1730 462 1891 501 Floren-

187 532 256 569 tini
287 530 430 569 codicis
461 529 628 568 lectione
660 542 778 580 supra
809 531 971 581 scripta,
1004 541 1076 581 pro
1108 541 1183 580 qua
1214 528 1278 567 alii
1309 529 1463 568 codices
1494 528 1640 568 habent
1669 531 1732 568 sui
1758 532 1894 569 ultoris

187 597 405 636 eliciemus:
438 597 541 636 Neve
570 608 700 635 necem
725 599 831 635 sinat
856 609 937 635 esse
973 599 1048 635 sui
1084 598 1294 635 cultoris
1325 598 1511 641 mmmm,-
1548 597 1595 635 cf.
1630 597 1728 635 trist.
1762 600 1807 642 2,
1842 603 1892 640 14

184 666 346 703 numina
379 667 522 703 cultori
552 666 777 713 perniciosa
813 675 904 708 suo,·
943 664 1053 703 Stat-ii
1083 663 1207 702 Theb.
1241 668 1286 708 9,
1321 666 1400 706 653
1431 676 1479 702 622
1509 666 1592 713 ipse
1631 666 1724 712 mei,
1759 666 1891 714 pudet,

185 735 321 771 irritus
355 743 470 770 arma
504 732 669 770 Cultoris
794 732 886 769 vidi.

239 865 319 900 Met.
341 866 381 904 9,
403 866 488 899 572:
1140 867 1231 909 apta
1252 864 1422 899 minister

514 932 699 977 Tempora
720 935 855 967 nactus
876 931 954 966 adit
975 931 1164 978 traditque
1184 931 1340 966 latentia
1363 932 1488 967 verba.

293 1032 454 1069 latentia
483 1031 600 1069 verba
632 1029 722 1080 quid
755 1029 826 1068 sibi
858 1029 994 1074 velint,
1035 1042 1113 1068 non
1144 1030 1396 1080 intellegitur.
1450 1030 1675 1070 Indice-antur
1705 1031 1824 1071 verba
1853 1034 1891 1071 in

182 1097 321 1137 tabella
353 1111 373 1137 a
405 1097 565 1150 Byblide
597 1098 840 1147 consignata,
881 1110 901 1135 a
930 1098 1112 1136 ministro
1152 1097 1249 1136 clam
1281 1098 1393 1136 fratri
1422 1098 1581 1143 tradita,
1623 1098 1691 1137 sed
1728 1100 1810 1150 ipsa
1842 1101 1893 1138 ita

181 1170 330 1204 tantum
360 1165 483 1204 latere
515 1165 590 1203 dici
627 1169 808 1216 possent,
846 1165 896 1209 si,
940 1169 982 1203 ut
1013 1170 1072 1203 est
1108 1166 1148 1203 in
1179 1170 1262 1204 arte
1294 1169 1337 1210 3,
1371 1169 1474 1210 627,
1512 1168 1614 1205 lacte
1649 1169 1799 1205 recenti
1831 1168 1888 1206 vel

180 1234 351 1271 umiduli
374 1235 546 1271 alumine
574 1234 672 1271 uitri
690 1233 915 1283 conscripta
936 1232 1232 1276 fuissentnloci
1256 1234 1359 1271 enim
1393 1234 1459 1283 qui
1480 1233 1616 1272 similis
1647 1234 1771 1273 videri
1800 1248 1890 1286 pos-

181 1302 231 1339 sit
256 1301 342 1339 fast.
368 1303 411 1344 2,
437 1303 515 1342 705
557 1302 639 1339 illic
666 1300 903 1348 Tarquinius
933 1301 1124 1338 mandata
1151 1303 1315 1339 latentia
1345 1303 1431 1339 uati
1455 1302 1609 1350 Accipit
1637 1301 1749 1341 aliam
1772 1304 1889 1341 ratio-

181 1381 270 1407 nem
303 1380 387 1406 esse
410 1373 584 1419 apparet.
639 1367 897 1406 Serihendnm
931 1373 1006 1405 est:
1036 1368 1257 1415 fatentia
1289 1369 1424 1416 rerba,
1458 1369 1505 1407 cf.
1533 1381 1562 1407 ν.
1589 1374 1669 1411 514
1694 1372 1893 1419 poterisne

176 1433 331 1483 fateri?
367 1436 481 1483 Coqet
508 1446 638 1485 antor,
663 1440 799 1484 potero
808 1450 821 1479 ,·
852 1447 885 1473 v.
913 1438 993 1477 516
1033 1437 1162 1474 littera
1183 1439 1329 1475 celatos
1360 1447 1514 1474 arcana
1539 1436 1731 1483 fatebitur
1760 1440 1892 1486 292163,-

179 1515 212 1541 ν.
247 1507 328 1546 519
367 1504 543 1547 insanos,
588 1505 729 1551 inquit,
762 1502 968 1549 fateamur
996 1514 1170 1549 amores,·
1207 1516 1240 1542 v.
1274 1508 1354 1547 545
1389 1511 1577 1552 superata
1608 1505 1737 1552 fateri
1766 1507 1894 1555 Coqar

179 1582 365 1619 opemque
398 1576 506 1609 tuam
545 1571 688 1608 timidis
725 1581 938 1619 exposcere
975 1573 1090 1616 votis:
1125 1583 1159 1610 v.
1193 1576 1269 1614 561
1311 1573 1496 1610 miserere
1523 1572 1689 1619 fatentis
1721 1586 1893 1613 amorem

179 1639 232 1677 Et
259 1649 335 1676 22022
362 1638 553 1685 fassurae
581 1640 657 1677 22232
680 1643 836 1686 coqeret
865 1639 1021 1676 ultimus
1047 1640 1184 1677 arctor.
1246 1640 1496 1690 Quantopere
1527 1639 1616 1679 talia
1645 1641 1772 1691 qualia
1803 1647 1894 1680 sunt

180 1705 297 1744 verba
330 1707 565 1750 excusantia,
598 1704 772 1750 solantia,
806 1707 1017 1757 precantia,
1051 1707 1235 1745 minantia
1268 1707 1403 1746 Ovidio
1434 1708 1472 1745 in
1505 1707 1652 1747 deliciis
1684 1710 1780 1754 sint,
1813 1722 1891 1748 11011

181 1779 239 1812 est
269 1773 372 1823 quod
402 1785 594 1812 moneam.

235 1899 318 1936 Met.
340 1901 400 1940 10,
424 1901 505 1935 114:
538 1900 653 1935 Bulla
673 1909 790 1946 super
808 1898 977 1946 frontem
994 1901 1130 1946 parvis
1151 1905 1332 1947 arqentea
1353 1902 1444 1937 loris

552 1967 684 2003 Vincta
705 1968 942 2011 movebatur,
962 1969 1157 2015 parilique
1178 1973 1301 2005 aetate
1322 1970 1489 2005 nitebant

538 2036 705 2071 Auribus
725 2037 763 2070 222
783 2036 941 2082 9622122223
960 2038 1103 2072 circum
1125 2047 1219 2073 cava
1240 2042 1411 2083 tempora
1428 2038 1556 2074 bacae.

291 2123 347 2163 Ex
383 2122 456 2162 hac
492 2124 821 2175 praestantiorum
868 2124 1044 2162 codicum
1091 2126 1285 2176 scriptura
1332 2137 1431 2176 quae
1470 2128 1662 2165 sententia
1701 2127 1890 2167 elicienda

181 2196 296 2236 esset,
327 2190 605 2229 intellexerunt
636 2192 701 2241 qui
732 2192 977 2242 scripserunt
1005 2204 1144 2243 parum
1176 2192 1228 2230 illi
1262 2193 1419 2242 quidem
1446 2192 1663 2243 eleganter:
1689 2198 1891 2244 parilique

180 2261 304 2298 nitore
337 2260 529 2305 nitebaut;
572 2271 707 2297 verum
739 2260 842 2297 enim
880 2264 958 2297 est:
1005 2262 1205 2308 punitique
1240 2263 1407 2299 colore
1443 2262 1632 2309 nitebant,
1671 2274 1748 2312 quo
1784 2263 1890 2302 (lucit

180 2328 294 2365 etiam
334 2328 449 2365 unius
479 2326 642 2365 Medieei
683 2328 875 2378 scriptura
908 2329 1051 2365 iucore.
1092 2328 1168 2379 (Cf.
1205 2332 1276 2372 11,
1310 2331 1390 2370 234
1421 2330 1607 2378 myrrhea
1631 2332 1730 2368 silva
1765 2332 1893 2369 subest

179 2395 407 2433 bicoloribus
435 2395 556 2432 obsita
586 2393 719 2443 bacis.)
771 2394 883 2440 Quod
915 2396 1034 2433 ceteri
1067 2395 1236 2434 editores
1257 2402 1414 2447 praeter
1436 2397 1664 2436 Merkelium
1697 2399 1889 2437 sententia

179 2461 284 2501 nulla
311 2467 401 2512 post
431 2467 556 2500 aetate
586 2463 774 2500 maiorem
811 2463 1170 2513 interpunctionem
1202 2464 1434 2502 inferentem
1470 2464 1669 2504 Heinsium
1702 2478 1744 2504 ex
1778 2470 1889 2517 parte

180 2530 303 2568 secuti
334 2530 563 2577 paritesque
598 2540 650 2567 ecc
684 2540 776 2568 aere
812 2531 1077 2580 seripserunt,
1118 2531 1369 2569 incredibiles
1403 2531 1519 2570 bacas
1559 2532 1633 2571 sihi
1669 2534 1886 2577 finxerunt;

179 2597 362 2636 Heinsius
399 2597 483 2647 ipse
513 2597 669 2634 invento
708 2609 779 2635 suo
806 2599 1006 2646 parilique
1043 2609 1095 2636 esc
1123 2610 1216 2637 aere
1245 2599 1377 2637 neseio
1409 2611 1458 2637 an
1487 2599 1582 2638 illud
1615 2603 1658 2644 8,
1690 2604 1769 2643 679
1800 2606 1891 2649 post

179 2666 277 2704 baec
297 2666 471 2703 caelatus
499 2664 631 2702 eodem
662 2663 818 2702 Sistitur
848 2670 1012 2712 amento
1041 2671 1174 2704 crater
1204 2667 1424 2717 exprimere
1455 2667 1642 2712 voluerit,
1682 2668 1784 2717 quod
1822 2667 1886 2706 1110

180 2732 264 2771 1000
295 2732 381 2770 ioco
414 2731 581 2781 quodam
612 2732 811 2781 aptissimo
843 2733 1151 2778 commendatur,
1184 2733 1245 2772 hie
1275 2746 1440 2785 prorsus
1471 2735 1670 2774 inficetum
1704 2741 1817 2773 esset.

237 2863 316 2899 Met.
340 2865 400 2903 10,
424 2864 508 2898 143:
545 2863 634 2898 Tale
655 2872 785 2898 nemus
805 2867 909 2899 vates
929 2866 1168 2906 attraxerat,
1198 2865 1310 2911 inque
1327 2865 1506 2912 ferarum

542 2929 702 2966 Concilio
723 2931 866 2967 medius
887 2932 998 2967 turba
1018 2931 1286 2978 volucrumque
1306 2934 1471 2970 sedebat.

293 3029 371 3068 Suo
400 3030 487 3068 iure
517 3029 732 3068 Glareanus
762 3030 802 3068 in
833 3029 978 3081 duplici
1006 3030 1170 3070 ablativo
1201 3034 1364 3071 concilio
1395 3037 1433 3070 et
1463 3031 1577 3070 turba
1609 3030 1772 3069 eandem
1801 3044 1884 3070 rem

182 3096 411 3146 significanti
448 3096 657 3136 offendisse
686 3096 916 3136 iudicandus
949 3101 1024 3142 est,
1057 3099 1132 3137 nisi
1161 3100 1263 3138 forte
1294 3101 1365 3139 erit
1403 3100 1468 3149 qui
1501 3099 1728 3149 elegantiam
1762 3110 1882 3149 quan-

183 3163 269 3201 dam
298 3164 339 3201 in
369 3163 592 3203 discrimine
617 3164 758 3202 horum
784 3163 1059 3202 vocabulorum
1092 3178 1178 3204 rum
1211 3167 1370 3205 vocibus
1397 3167 1583 3214 ferarum
1615 3170 1652 3204 et
1682 3168 1881 3206 volucrum
