2330 3606
522 148 561 185 H.
590 149 631 185 A.
661 147 794 184 KOCH:
822 146 1117 183 CONIECTANEA
1147 145 1186 182 lN
1214 145 1380 182 POETAS
1402 147 1604 193 ¹LATINUS.
1836 143 1916 186 357

266 264 359 299 Fast.
380 265 420 304 6,
442 265 526 297 363:
566 261 732 297 Vidimus
752 265 906 296 ornatos
926 264 1060 296 aerata
1077 269 1151 306 per
1172 260 1273 294 atria
1292 260 1395 305 pieta

684 328 789 365 Veste
810 326 1059 375 triumphales
1078 327 1294 363 occubuisse
1314 336 1432 363 senes.

319 401 438 440 Recte
460 400 644 439 Heinsius
665 400 816 439 monuit
836 412 915 438 non
944 411 1060 451 posse
1090 403 1254 449 propter
1284 403 1429 437 statuas
1460 397 1628 437 aheneas
1659 401 1755 438 atria
1786 407 1916 440 aerata

208 469 301 512 diei,
334 468 401 507 sed
432 480 481 506 ne
511 473 688 506 reserata
719 467 876 516 quidem
908 467 954 505 ab
984 468 1070 518 ipso
1100 466 1346 517 propositum
1385 465 1529 516 placet,
1572 479 1660 505 cum
1692 469 1916 519 requiratur

207 536 453 579 adiectivum,
489 547 565 586 quo
597 536 762 586 dignitas
792 535 981 573 atriorum
1021 538 1219 583 augeatur.
1283 534 1426 572 Verum
1467 545 1551 572 esse
1581 534 1757 573 videtur:
1800 537 1916 574 Viat—

206 615 290 642 mas
325 608 483 642 ornatos
518 613 758 652 qenerosa
789 614 869 651 per
914 603 1037 649 acria,
1083 602 1131 639 ef.
1171 601 1258 639 fast.
1301 605 1343 644 1,
1384 604 1460 643 591
1509 603 1670 649 perleye
1700 603 1916 651 ,dispositas

201 681 394 719 ⁸qenerosa
414 682 494 720 per
519 672 624 709 atria
653 681 781 709 ceras.

260 775 352 810 Fast.
375 777 413 814 6,
435 777 518 809 571;
552 773 706 809 Servius
726 777 801 815 est,
824 773 893 808 hoe
914 776 1060 808 constat
1081 772 1197 809 em‘m:
1217 772 1286 807 sed
1304 781 1422 807 eausa
1443 772 1587 808 latendi

671 840 892 886 Dz'screpat‚
915 844 951 875 et
970 840 1121 875 dubium
1141 849 1199 874 me
1220 849 1364 886 quoque
1385 841 1517 875 mentis
1537 840 1661 876 habet.

316 913 369 952 De
407 913 628 963 integritate
665 911 875 950 verborum
907 912 978 949 boe
1007 915 1160 949 constat
1185 912 1286 949 enim
1317 911 1544 962 scrupulum
1586 912 1693 950 inicit
1731 926 1819 952 cum
1853 915 1910 952 ni-

204 982 305 1019 mius
340 981 526 1020 orationis
564 979 758 1031 pedestris
797 979 922 1023 color,
964 980 1074 1017 euius
1112 978 1216 1017 haud
1253 978 1365 1017 facile
1406 980 1563 1029 vestigia
1599 980 1701 1030 apud
1734 980 1912 1021 Ovidium

202 1049 397 1091 invenias,
445 1053 526 1086 tuln
566 1048 667 1097 quod
716 1046 870 1085 codices
906 1046 1066 1097 plurimi
1104 1047 1202 1085 lniro
1241 1059 1436 1085 consensu
1474 1046 1636 1086 habent:
1682 1053 1720 1086 et
1752 1055 1911 1088 constat.

201 1115 335 1166 Itaque
367 1115 617 1153 scribendum
651 1120 726 1153 est:
761 1114 917 1152 Servius
946 1119 1003 1152 est
1031 1137 1085 1141 ——
1110 1119 1155 1152 et
1183 1118 1335 1152 coastat
1362 1115 1497 1153 bomo
1528 1138 1572 1141 —
1603 1116 1675 1154 sed
1701 1127 1825 1154 eausa
1846 1119 1912 1154 la-

201 1183 309 1221 tendi
336 1183 565 1231 Discrepat,·
595 1183 643 1221 cf.
677 1182 724 1220 de
756 1182 827 1220 hac
856 1181 1105 1232 parenthesis
1135 1183 1259 1220 forma
1292 1182 1500 1221 Ovidianae
1523 1183 1617 1221 artis
1646 1186 1682 1228 3,
1706 1186 1786 1227 673
1816 1185 1912 1231 effi—

200 1252 274 1289 cite
307 1274 351 1278 —
384 1255 421 1289 et
445 1251 572 1298 facile
601 1256 657 1288 est
675 1273 730 1278 —-
750 1255 793 1288 ut
820 1260 889 1287 7203
918 1251 1125 1288 credamus
1151 1252 1300 1294 amori:
1331 1262 1404 1288 ain.
1436 1252 1478 1291 2,
1510 1255 1553 1293 5,
1585 1254 1636 1293 45
1674 1253 1774 1290 sicut
1797 1258 1915 1290 erant

205 1340 249 1345 —-
280 1323 317 1356 et
343 1323 458 1356 eram
487 1320 582 1356 culti
615 1341 659 1345 —
699 1319 856 1356 laniare
894 1319 1081 1366 capillos,·
1119 1318 1204 1356 fast.
1239 1321 1283 1361 6,
1326 1320 1405 1361 158
1443 1320 1597 1366 sparqa
1633 1320 1746 1366 aquis
1783 1321 1914 1359 aditus

205 1407 248 1413 —-
283 1391 320 1424 et
356 1397 484 1434 aquae
511 1386 751 1424 medicamen
780 1385 974 1423 habebant
1010 1408 1053 1411 —
1092 1385 1276 1433 Extaque
1313 1385 1361 1423 de
1390 1396 1515 1433 porea
1551 1387 1680 1424 cruda
1707 1387 1913 1427 bimenstre

199 1460 318 1498 tenet,·
350 1465 436 1505 epp.
472 1466 517 1491 ex
548 1454 588 1492 P.
614 1457 650 1496 3,
674 1458 710 1497 5,
744 1456 816 1495 46;
853 1457 887 1496 1,
922 1457 958 1496 4,
994 1457 1067 1495 11;
1103 1453 1200 1490 trist.
1226 1455 1262 1496 2,
1287 1455 1387 1496 231;
1421 1458 1511 1491 met.
1540 1458 1573 1497 1,
1609 1458 1710 1498 591;
1744 1459 1781 1498 9,
1815 1459 1906 1499 782.

253 1551 348 1588 Fast.
369 1554 410 1591 6,
432 1553 517 1586 687;
550 1551 811 1597 Admiseetque
833 1551 945 1593 alios,
967 1555 1002 1586 et
1023 1554 1063 1586 ut
1083 1550 1184 1586 hanc
1205 1551 1354 1586 tibicina
1376 1555 1520 1587 coetum

666 1619 831 1665 Augeat,
853 1619 891 1654 in
913 1619 1031 1665 Zonyz's
1053 1619 1217 1655 vestibus
1237 1628 1317 1654 esse
1338 1619 1449 1655 iubet.

310 1695 498 1734 Narratur
519 1695 691 1734 Plautius
722 1695 899 1734 tibicines
930 1696 1116 1740 reduces,
1151 1701 1193 1733 ut
1223 1700 1400 1733 senatun]
1432 1695 1601 1741 falleret,
1635 1699 1816 1748 personis
1847 1712 1908 1737 ca-

197 1763 343 1815 pitibus
373 1764 565 1814 impositis
597 1775 684 1802 011111
716 1762 842 1813 longis
873 1764 1045 1803 vestibus
1078 1776 1162 1801 esse
1199 1764 1372 1801 iussisse.
1434 1764 1504 1802 llic
1536 1766 1798 1810 enuntiatum,
1832 1780 1908 1817 quo

198 1830 403 1870 eonsilium
444 1832 528 1869 eius
565 1830 777 1869 indicatur:
818 1836 858 1868 ut
895 1831 998 1868 Itane
1028 1832 1187 1869 tibicina
1223 1835 1371 1869 coetum
1403 1837 1566 1879 (tabeat,
1605 1834 1776 1883 primum
1815 1846 1908 1872 voce

197 1899 300 1936 bunc
329 1910 493 1949 prorsus
523 1910 709 1949 perversa
740 1897 1037 1942 dehonestatur,
1071 1899 1181 1949 quasi
1213 1898 1309 1937 alius
1340 1899 1545 1938 tibicinum
1577 1906 1712 1939 coetus
1737 1914 1907 1941 001111110-

197 1971 371 2005 moratus
403 1967 469 2011 sit,
503 1979 523 2005 a
555 1978 631 2015 quo
660 1965 721 2003 hie
752 1965 1033 2015 distinguatur;
1066 1966 1206 2004 deinde
1238 1972 1400 2017 apparet
1431 1972 1556 2005 vestes
1585 1967 1722 2019 longas
1751 1982 1830 2007 non
1861 1970 1908 2008 ad

196 2033 413 2083 augendam
443 2034 647 2072 tibicinum
678 2033 903 2083 dignitatem
935 2033 1103 2072 valuisse
1135 2034 1202 2072 sed
1233 2034 1335 2072 idem
1358 2040 1555 2084 spectasse
1577 2035 1681 2086 quod
1702 2048 1904 2087 personas,

196 2113 244 2139 ne
276 2113 296 2139 a
327 2100 475 2151 collega
514 2106 551 2139 'et
589 2106 726 2139 senatu
764 2100 930 2139 reduces
960 2106 1202 2140 notarentur.
1262 2102 1394 2152 Itaque
1427 2101 1679 2141 scribendum
1711 2109 1787 2142 est:
1821 2105 1907 2143 Ad-

194 2170 401 2217 miseetque
429 2170 538 2219 alios,
568 2175 605 2207 et
635 2174 677 2206 at
704 2169 790 2207 boe
820 2169 978 2207 tibicina
1007 2171 1140 2207 calta
1168 2168 1389 2216 Oeezclat,
1418 2171 1457 2207 in
1485 2172 1612 2218 lanais
1636 2172 1800 2210 vestibus
1826 2184 1908 2211 esse

194 2236 307 2275 iubet.

251 2317 346 2353 Fast.
366 2319 405 2357 6,
428 2318 510 2352 695:
550 2316 734 2359 Martias,
755 2319 895 2364 inquit,
919 2318 995 2364 agyit
1017 2318 1083 2352 tali
1101 2327 1183 2353 mea
1205 2319 1352 2353 nomine
1372 2317 1493 2364 festa,

664 2386 807 2432 Estque
827 2386 894 2420 sab
915 2386 1073 2420 inventis
1092 2385 1187 2421 haee
1207 2396 1354 2432 quoque
1375 2387 1487 2421 turba
1509 2388 1609 2422 meis.

307 2460 425 2499 Recte
455 2461 645 2501 Krehsius
676 2467 713 2500 et
744 2462 938 2512 Gierigius
967 2462 1007 2499 in
1030 2473 1122 2499 voce
1143 2463 1257 2500 larba
1280 2462 1545 2507 offenderunt,
1579 2476 1694 2514 quam
1726 2466 1793 2515 qui
1824 2471 1904 2505 tur-

194 2529 284 2567 ham
314 2527 514 2567 tibicinum
547 2529 874 2580 interpretantur,
911 2529 1065 2568 videant
1095 2541 1171 2580 quo
1205 2530 1319 2568 1110110
1351 2530 1506 2569 turbam
1543 2531 1766 2577 tibicinum,
1801 2534 1904 2583 quod

195 2596 390 2634 Minervae
430 2600 551 2633 arten]
592 2602 795 2640 exercent,
835 2596 906 2634 suh
945 2598 1111 2635 inventis
1150 2597 1265 2635 huius
1304 2597 1400 2636 deae
1439 2611 1525 2637 esse
1570 2598 1646 2637 diei
1682 2600 1902 2639 defendant.

195 2663 362 2714 Scripsit
399 2668 533 2713 poeta:
573 2663 672 2701 haee
705 2674 855 2712 qaoque
884 2676 1022 2711 cura,
1053 2665 1100 2703 ef.
1134 2665 1219 2703 fast.
1255 2668 1301 2709 3,
1335 2669 1413 2708 155
1454 2667 1524 2704 sed
1554 2673 1681 2705 tamen
1715 2669 1906 2706 errabant

193 2732 310 2769 etiam
335 2735 414 2768 tum
445 2734 632 2779 tempore,
663 2731 785 2769 donee
817 2732 999 2770 Caesaris
1031 2734 1070 2770 in
1096 2734 1224 2771 multis
1250 2733 1348 2771 haee
1372 2744 1522 2782 quoque
1550 2746 1650 2773 eura
1675 2735 1778 2782 fuist
1804 2748 1899 2775 reni.

197 2800 248 2840 78
278 2801 444 2845 utraque
468 2799 611 2836 tutelae
638 2798 792 2836 subdita
821 2810 920 2836 eura
946 2804 1012 2836 tua
1043 2804 1108 2837 est.

250 2895 338 2943 Epp.
361 2906 401 2932 ex
422 2895 536 2932 Ponto
559 2897 588 2935 l,
610 2898 641 2935 8,
665 2897 726 2930 21:
756 2895 802 2931 At
822 2895 885 2931 tibi
904 2906 978 2931 rea·
999 2906 1088 2932 aevo
1109 2897 1220 2933 detur
1238 2897 1442 2943 fortissime
1463 2904 1592 2935 nostro

840 2962 999 3010 Semper
1019 2964 1207 3001 honorata
1226 2971 1379 3012 sceptra
1401 2970 1527 3002 tenere
1548 2977 1676 3003 manu.

759 3031 901 3078 Teque,
938 3032 1040 3077 quod
1066 3037 1101 3068 et
1128 3038 1308 3079 praestat
1335 3054 1379 3058 —
1413 3034 1504 3080 qaid
1528 3035 1625 3069 enim
1660 3034 1725 3069 tibi
1748 3035 1902 3081 plenius

1461 3105 1608 3146 optem?
1632 3121 1676 3125 —

839 3164 982 3201 Martia
1001 3177 1086 3202 cam
1107 3179 1241 3215 mayno
1264 3168 1426 3204 Caesare
1449 3167 1570 3204 Roma
1584 3169 1731 3216 probet.
