2330 3606
409 150 491 191 346
715 154 754 189 ΙἸ.
787 156 825 189 Α.
858 154 990 190 KOCH:
1023 154 1321 190 CONIECTANEA
1353 154 1393 190 IN
1423 154 1591 191 POETAS
1621 154 1815 191 LATINOS.

410 270 554 304 lauros.
601 266 792 314 humoque
822 278 909 304 cum
941 266 1121 316 proximo
1153 276 1303 314 qaoque
1335 266 1568 304 exstinctum
1601 271 1727 310 esset,
1760 267 1834 305 levi
1853 267 1984 305 versui
2006 265 2121 317 adap-

412 339 531 372 tatum
564 339 633 372 est.

467 450 492 485 T
496 449 573 485 rist.
597 451 632 489 t,
656 452 693 489 1,
717 452 778 484 47:
810 448 871 484 Da
892 449 983 484 mihi
1002 448 1229 485 Maeoniden
1250 453 1285 483 et
1307 452 1357 484 tot
1377 449 1626 495 circumspice
1647 459 1770 490 casim,

898 516 1094 563 Inyeniam
1116 518 1230 552 tantis
1251 516 1400 552 excidet
1421 527 1528 552 omne
1549 518 1668 552 malis.

521 606 721 644 Posterior
755 604 896 644 horum
928 617 1116 644 versuum
1149 604 1263 643 docet
1294 604 1474 643 Ovidium
1514 605 1645 644 dicere
1685 618 1881 645 summum
1927 617 2123 658 quemque

409 679 565 725 poetam
595 674 712 713 tantis
743 673 856 712 malis
887 674 1079 717 affectum,
1113 672 1240 723 qualia
1270 674 1355 724 ipse
1385 684 1600 723 perpessus
1632 674 1692 717 sit,
1724 675 1926 723 ingenium
1957 675 2122 713 amissu-

411 755 498 781 rum
528 742 663 780 fuisse.
718 741 824 787 Quae
858 742 1049 779 sententia
1081 753 1169 779 cum
1206 741 1298 779 satis
1329 746 1462 791 aperta
1491 742 1560 785 sit,
1594 741 1764 780 editores
1795 748 1958 793 propter
1988 754 2123 781 vocem

409 821 520 848 omne
541 809 757 859 neglectam
786 821 865 847 non
890 808 1081 852 viderunt,
1106 810 1145 847 in
1169 808 1293 847 altero
1319 820 1433 847 versu
1457 810 1573 848 unius
1595 809 1755 848 Homeri
1777 811 2015 848 mentionem
2044 806 2123 848 nori

410 879 591 917 sufficere
624 883 657 915 et
681 879 719 915 in
744 878 942 915 enuntiato
973 882 1011 915 et
1037 882 1090 915 tot
1119 878 1375 925 circumspice
1404 888 1532 926 casas,
1565 889 1641 927 quo
1663 883 1802 928 poetae
1826 877 1981 916 labores
2005 879 2122 928 signi-

409 947 515 985 ficari
546 945 848 989 arbitrabantur,
882 945 965 983 voci
995 946 1252 993 eirczmzspiee
1282 946 1519 984 coniecturis
1552 947 1643 984 satis
1671 944 1894 984 infelicibus
1924 947 2123 984 notionem

409 1013 603 1052 obiciendi
640 1013 789 1051 inferre
827 1014 954 1051 eonati
1001 1018 1103 1051 sunt.
1166 1013 1288 1051 Immo
1328 1014 1463 1051 vitium
1501 1013 1593 1052 latet
1630 1014 1669 1051 in
1709 1026 1801 1052 voce
1832 1024 1967 1063 Casas,
2008 1025 2122 1063 quam

409 1083 441 1119 si
472 1083 510 1119 in
543 1086 676 1119 vates
707 1081 1006 1124 mutaverimus,
1040 1079 1230 1120 habemus
1263 1083 1505 1120 enuntiatum
1537 1081 1648 1120 alteri
1679 1082 1732 1120 da
1762 1082 1859 1120 milii
1885 1082 2124 1120 Maeoniden

409 1149 534 1187 simile
574 1149 646 1200 (da
684 1171 728 1176 —
771 1150 1045 1198 eireianspice,
1091 1149 1329 1188 Maeoniden
1372 1172 1416 1177 —-
1460 1154 1512 1188 lot
1536 1147 1660 1199 vales)
1703 1155 1739 1190 et
1778 1151 2000 1190 necessitati
2032 1162 2121 1188 sen-

408 1218 551 1256 tentiae
583 1215 930 1255 aeeonnnodatum.

467 1333 572 1369 Trist.
598 1334 634 1372 1,
657 1336 694 1371 2,
717 1333 799 1366 101:
832 1331 1042 1375 Qacwnlibet
1061 1342 1081 1367 e
1102 1333 1275 1376 minimis,
1298 1334 1424 1369 domici
1442 1334 1476 1368 si
1491 1332 1660 1379 favimus
1681 1335 1753 1376 illi,

899 1400 941 1436 Si
958 1401 1051 1436 satis
1071 1400 1232 1447 Augusti
1244 1402 1401 1447 publiea
1420 1403 1526 1437 iussa
1547 1402 1647 1437 milei.

512 1490 585 1535 Qui
608 1501 654 1527 ex
678 1488 894 1527 editoribus
912 1488 1123 1527 Merkelius
1141 1489 1380 1528 Gronovium
1404 1496 1562 1529 secutus
1587 1496 1624 1529 et
1642 1490 1828 1529 Loersius
1849 1490 2016 1529 alterum
2038 1502 2123 1528 ver-

409 1570 494 1595 sum
518 1557 712 1608 explicare
735 1558 864 1595 eonati
887 1562 994 1601 sunt,
1022 1558 1061 1594 in
1084 1559 1300 1596 contrarias
1325 1565 1457 1609 partes
1482 1557 1674 1597 abierunt.
1725 1558 1833 1598 Alter
1855 1561 1951 1597 salis
1967 1559 2125 1607 publiea

407 1639 479 1676 pro
502 1625 725 1677 praedicato
749 1624 876 1669 habet,
912 1624 1009 1663 alter
1039 1627 1145 1669 salig,
1179 1631 1216 1664 et
1238 1631 1404 1674 uterque
1437 1626 1622 1677 explieat:
1656 1626 1813 1665 decreta
1834 1627 1998 1676 Augusti
2028 1625 2122 1676 legi-

408 1694 498 1731 tima
538 1692 683 1736 habeo,
733 1704 831 1742 quae
864 1693 1092 1742 significatio
1131 1705 1207 1743 quo
1240 1693 1356 1732 modo
1387 1695 1428 1731 in
1466 1693 1698 1732 alterutrum
1737 1693 1968 1733 vocabulum
2000 1693 2122 1738 cadat,

408 1760 589 1811 equidem
621 1773 701 1799 non
734 1760 865 1805 video,
898 1773 948 1799 ne
980 1773 1286 1800 commemorem
1318 1767 1529 1812 utrumque
1561 1761 1800 1811 neglexisse,
1841 1766 1884 1801 ut
1914 1775 2003 1800 eum
2034 1761 2123 1800 reli-

407 1830 495 1879 quis
525 1828 621 1868 haee
660 1834 944 1878 congruerent,
986 1840 1065 1866 non
1104 1841 1295 1879 praesens
1334 1834 1490 1880 tempus
1531 1829 1599 1868 sed
1638 1831 1857 1881 perfeetum
1897 1829 2124 1880 ponendum

407 1898 539 1936 fuisse.
603 1897 729 1935 Vnum
763 1902 912 1935 certum
944 1896 1108 1940 videtur,
1142 1902 1298 1947 poetam
1331 1897 1474 1942 dicere,
1512 1898 1676 1947 Augusti
1708 1898 1831 1937 salute
1863 1897 1937 1936 sibi
1968 1909 2125 1948 semper

407 1965 603 2016 publicam
635 1977 791 2015 quoque
823 1965 1016 2003 rontilleri
1053 1965 1175 2003 visam
1217 1977 1324 2009 esse,
1368 1977 1481 2015 quam
1523 1967 1756 2004 sententiani
1794 1966 1872 2004 leni
1909 1966 2123 2004 mutatione

409 2034 624 2071 efficiemus
647 2032 878 2071 scribendo:
912 2033 957 2070 Se·
982 2043 1090 2071 sors
1118 2034 1286 2081 Aaqasli
1306 2034 1465 2082 publiea
1496 2035 1543 2072 vi
1550 2045 1603 2072 sa
1632 2035 1750 2079 milii,·
1778 2035 1825 2072 cs.
1851 2035 1950 2072 trist.
1979 2037 2014 2077 1,
2038 2038 2075 2077 5,
2102 2037 2120 2074 1

408 2113 429 2139 o
455 2103 520 2139 eui
537 2101 756 2149 praecipue
785 2112 869 2139 sors
897 2112 984 2138 mea
1015 2100 1097 2138 visa
1126 2112 1200 2138 saa
1229 2107 1294 2138 esi.

466 2216 571 2252 Trist.
596 2218 633 2256 1,
655 2218 693 2256 (ἱ),
717 2220 778 2252 313:
810 2217 978 2263 Euryali
997 2216 1154 2262 Nisique
1172 2217 1248 2262 sicle
1270 2217 1345 2261 tibi,
1373 2217 1511 2261 Tarne,
1535 2218 1659 2253 relata

897 2283 1078 2320 Credibile
1100 2288 1154 2319 est
1174 2285 1343 2320 lacrimis
1364 2286 1604 2321 immaduisse
1623 2295 1753 2332 yenas.

812 2352 883 2388 Est
903 2354 1014 2387 etiam
1037 2353 1184 2387 miseris
1199 2354 1345 2399 pietas,
1369 2358 1403 2388 el
1424 2355 1462 2389 in
1484 2353 1587 2388 hoste
1602 2353 1792 2400 probatur
1804 2368 1815 2387 .-

896 2421 946 2455 Ei
965 2421 1074 2467 milii,
1098 2432 1211 2466 qaam
1228 2432 1378 2467 paucos
1399 2421 1493 2457 liaee
1516 2431 1597 2456 mea
1619 2422 1718 2457 dieta
1741 2426 1898 2456 movent.

520 2508 685 2547 Desendi
715 2520 831 2558 posse
863 2514 917 2547 est
950 2511 1066 2547 etiam
1096 2510 1247 2547 miseris
1270 2510 1420 2558 pietas,
1459 2521 1562 2547 unus
1593 2508 1779 2547 Loersius
1811 2508 1883 2547 sibi
1914 2510 2122 2560 persuasit,

408 2578 497 2628 qui,
531 2588 601 2614 our
632 2576 766 2613 miseri
796 2578 1043 2627 potissimum
1075 2576 1136 2614 hi<-
1168 2577 1350 2627 pietatem
1385 2588 1570 2614 exercere
1603 2577 1801 2621 dicantur,
1843 2589 1923 2615 non
1955 2576 2121 2628 expliea-

409 2646 471 2683 vit.
520 2644 751 2682 Coniertura
783 2658 802 2682 a
825 2644 1011 2682 Merkelio
1034 2645 1073 2682 in
1097 2645 1302 2694 superiore
1325 2644 1492 2682 editione
1526 2644 1674 2695 prolata
1693 2650 1842 2694 perslei
1866 2646 1944 2682 iam
1974 2645 2124 2682 miseris

402 2715 534 2762 pietas
574 2717 610 2750 et
641 2716 849 2762 propterea
882 2711 1082 2762 displicet,
1128 2712 1231 2761 quod
1263 2717 1445 2762 perstans
1476 2713 1600 2763 pietas
1632 2725 1702 2751 rur
1731 2725 1809 2751 non
1840 2712 2031 2763 perstanti
2061 2710 2123 2749 hie

409 2784 631 2831 opponatur
664 2792 778 2817 causa
812 2784 870 2817 est
899 2779 1025 2822 nulla,
1069 2785 1105 2817 et
1137 2792 1182 2817 eo
1215 2780 1372 2817 nomine
1411 2781 1549 2819 vitiosa
1589 2785 1666 2824 est,
1708 2780 1812 2830 quod
1843 2792 1965 2818 unum
1998 2792 2121 2817 enun-

409 2850 545 2887 tiatum
575 2849 626 2886 ita
655 2848 696 2885 in
727 2846 823 2885 duas
854 2853 985 2898 partes
1018 2847 1117 2885 male
1149 2846 1406 2885 rohaerentes
1438 2847 1684 2887 dilaceratur.
1740 2849 1864 2897 Atque
1896 2848 2014 2885 totius
2036 2859 2121 2885 ver-

409 2929 476 2954 sus
507 2928 624 2953 unam
657 2928 743 2953 esse
779 2916 1010 2953 sententiam
1043 2916 1261 2953 rectissime
1292 2915 1483 2953 intellexit
1504 2915 1701 2959 Heinsius,
1734 2917 1800 2965 qui
1831 2916 2005 2965 scripsit:
2039 2915 2123 2953 Ista

407 2986 524 3022 eliam
555 2985 594 3020 in
624 2984 775 3021 miseris
804 2985 934 3032 pietas
967 2985 1025 3021 vel
1054 2984 1102 3020 ab
1133 2984 1238 3021 leosle
1263 2984 1475 3031 probatur,
1517 2983 1584 3021 sed
1624 2995 1695 3021 nee
1725 2985 1856 3031 pietas
1892 2983 1932 3019 in
1971 2984 2123 3020 miseris

410 3053 590 3101 ruiquam
613 3050 844 3101 probabitur
868 3063 941 3089 nee
963 3050 1174 3088 defendere
1195 3050 1286 3089 lieet
1306 3052 1422 3089 eliam
1454 3063 1542 3089 cuin
1563 3051 1742 3101 proximo
1774 3051 1832 3088 vel
1853 3050 2118 3088 coniunctum.

410 3119 543 3168 ltaque
582 3123 705 3156 restat
745 3124 786 3156 ut
821 3118 1035 3157 scribatur:
1077 3119 1331 3156 I’raeslita
1369 3120 1496 3157 enim
1533 3120 1685 3156 miseris
1709 3119 1840 3166 pielas
1872 3122 1909 3155 et
1944 3119 1984 3155 in
2017 3118 2122 3156 hoste

407 3187 622 3234 probacm·,·
671 3186 718 3225 es.
764 3187 861 3225 trist.
904 3189 950 3233 2,
991 3189 1070 3228 235
1107 3186 1286 3233 yenlibas
1325 3188 1403 3224 otia
1434 3191 1643 3234 praeslas,·
1682 3188 1726 3230 3,
1767 3189 1810 3229 4,
1853 3188 1903 3227 61
1942 3189 2124 3234 praestat
