2330 3606
362 729 494 815 Quae
517 764 701 809 quattuor
723 757 864 797 abhinc
892 758 1003 796 annis
1024 758 1063 795 in
1092 755 1283 795 Iuvenalis
1314 756 1442 794 satiris
1464 755 1697 806 castigandis
1725 755 1968 806 periclitatus

251 839 336 864 sum
358 832 487 865 utrum
504 826 720 877 placuerint
740 826 878 876 peritis
894 823 1088 863 iudicibus
1106 836 1152 862 an
1171 823 1456 874 displicuerint,
1476 823 1633 874 publico
1653 825 1731 862 sive
1750 835 1967 861 consensus

251 895 329 932 sive
361 894 562 933 dissensus
594 895 704 944 signo
735 893 843 931 nullo
875 893 957 930 sere
980 891 1074 930 mihi
1095 892 1283 936 innotuit3
1318 897 1359 929 ut
1381 893 1560 942 suspicer
1584 891 1791 929 admodum
1823 903 1969 940 paucos

252 973 350 1005 esse,
375 962 440 1010 qui
462 961 521 999 vel
542 961 644 999 lectu
668 961 782 1010 digna
804 960 1025 1003 habuerint,
1048 959 1256 1009 pauciores
1279 961 1407 1005 etiam,
1434 960 1501 1009 11111
1523 970 1666 1009 0116136
1688 959 1860 1008 111-61111111
1883 970 1968 996 esse

251 1028 435 1066 duxerint
456 1029 676 1078 inquirere,
702 1039 778 1077 quo
800 1029 886 1066 11116
913 1039 1035 1077 quave
1061 1027 1202 1065 iniuria
1227 1027 1323 1066 adeo
1350 1030 1428 1066 sive
1452 1028 1711 1066 reformatum
1735 1026 1815 1064 sive
1837 1025 1966 1063 desor-

254 1100 398 1134 matum
420 1100 574 1146 poetam
606 1095 813 1138 ediderim,
844 1099 884 1132 ut
914 1093 1196 1145 Peerlkampos
1218 1095 1377 1134 audacia
1400 1100 1550 1133 tantum
1574 1106 1652 1131 non
1677 1106 1885 1144 superasse
1916 1094 1968 1130 vi-

252 1163 357 1202 dear.
406 1164 531 1201 Vnum
563 1163 609 1201 ab
642 1163 766 1201 amieo
798 1161 957 1206 eodem,
988 1163 1099 1200 cuius
1128 1161 1218 1199 olim
1244 1163 1295 1213 (in
1323 1164 1446 1214 praef.
1478 1174 1515 1212 p.
1552 1161 1611 1209 H)
1647 1159 1969 1210 adprobationem

251 1230 439 1280 gloriatus
462 1242 561 1274 sum,
596 1230 729 1280 accepi
759 1230 938 1267 iuvenem
969 1233 1194 1274 strenuum,
1229 1231 1291 1268 cui
1313 1230 1458 1268 codicis
1480 1228 1629 1267 seilicet
1651 1229 1727 1265 mei
1759 1229 1971 1265 auct‹i›ritas

251 1298 509 1348 inposuisset,
551 1298 638 1335 novi
677 1297 788 1335 testis
827 1296 943 1334 fidem
984 1297 1064 1335 suis
1107 1299 1349 1346 argumentis
1381 1296 1593 1335 defendere
1626 1295 1728 1333 1131111
1761 1294 1970 1349 infeliciter

252 1364 480 1414 adgressum
513 1377 610 1403 esse.
657 1364 775 1402 Cuius
807 1369 936 1402 tamen
967 1376 1016 1402 ne
1047 1358 1279 1402 credulitate
1313 1364 1438 1403 elatus
1470 1364 1586 1402 nimis
1616 1364 1700 1413 ipse
1732 1362 1968 1400 confiderem

253 1431 470 1470 rationibus
502 1433 612 1473 meis,
643 1431 907 1470 venerabilem
941 1432 1051 1469 annis
1083 1431 1278 1481 mihique,
1313 1432 1404 1470 dum
1438 1431 1637 1469 Helvetiae
1669 1429 1972 1467 amoenitatibus

252 1500 375 1543 fruor,
409 1499 581 1550 collegae
611 1500 768 1537 nomine
791 1500 1042 1537 coniunctum
1067 1511 1213 1542 senem,
1240 1510 1356 1548 quem
1381 1499 1543 1537 traditae
1566 1498 1779 1536 memoriae
1802 1498 1969 1535 tenacis-

253 1568 394 1605 simum
427 1579 511 1605 esse
544 1571 712 1611 constat,
751 1567 790 1604 in
829 1571 1055 1604 mutuorum
1090 1578 1317 1604 sermonum
1351 1567 1559 1604 festivitate
1604 1566 1763 1603 memini
1800 1565 1972 1614 graviter

252 1634 458 1684 increpare
493 1635 752 1672 temeritatem
785 1646 931 1678 meam,
957 1645 1031 1683 qua
1062 1634 1365 1683 ingeniosissimi
1395 1638 1534 1684 poetae
1567 1637 1754 1683 quantum
1784 1644 1971 1682 6111111116-

252 1702 325 1739 1·1111
361 1701 664 1752 pulcritudinem
706 1700 1024 1739 adulescentilms
1063 1713 1123 1745 se,
1157 1713 1206 1739 ne
1237 1714 1357 1752 pravo
1390 1701 1676 1739 seducerentur
1709 1699 1899 1749 exemplo,
1932 1700 1971 1736 in

254 1768 398 1807 scholis
439 1769 728 1807 evidentissime
767 1768 1037 1806 demonstrare
1076 1767 1272 1806 narrabat.
1337 1768 1413 1807 Sed
1446 1780 1536 1818 ego,
1579 1769 1641 1805 eui
1674 1768 1738 1806 tali
1770 1767 1972 1818 disciplina

256 1837 309 1874 uti
346 1849 425 1874 non
457 1836 640 1886 contigit,
680 1836 805 1874 fateor
836 1848 884 1873 116
916 1848 1019 1873 1111116
1053 1835 1209 1885 quidem
1244 1836 1387 1886 vulgati
1418 1837 1456 1874 in
1488 1835 1599 1873 libris
1631 1835 1822 1873 Iuvenalis
1858 1847 1972 1885 prae-

254 1905 433 1941 stantiam
480 1915 694 1954 agnoscere
730 1915 792 1940 me
826 1903 1006 1941 didicisse
1042 1904 1173 1952 itaque
1209 1905 1388 1947 interim,
1428 1903 1518 1940 dum
1559 1902 1720 1940 meliora
1766 1901 1970 1945 edocebor,

255 1970 493 2021 praesidium
542 1969 792 2020 opinionibus
830 1971 928 2008 meis
974 1970 1260 2019 qualecumque
1306 1983 1391 2008 inea
1438 1982 1556 2020 opera
1596 1982 1735 2019 parare
1775 1969 1972 2011 cismstitui,

255 2037 358 2087 1111011
390 2042 481 2088 opto
511 2043 553 2075 111
582 2042 667 2081 tua,
700 2036 906 2081 Ritscheli,
940 2042 1022 2074 arte
1054 2038 1210 2086 tuisque
1239 2024 1463 2088 praeceptis
1500 2049 1548 2074 ne
1577 2049 1742 2087 prorsus
1771 2036 1972 2086 indignum

255 2105 442 2143 videatur.

366 2171 748 2223 Disputabo'autem
789 2171 837 2209 de
877 2172 993 2210 satira
1034 2177 1160 2214 sexta,
1209 2183 1283 2221 qua
1325 2171 1535 2210 mulierum
1576 2172 1663 2208 vitia
1706 2172 1970 2220 exagitantur:

255 2240 365 2277 euius
397 2239 498 2277 sales
531 2244 567 2277 et
600 2239 744 2277 lumina
779 2244 817 2277 et
838 2238 1011 2288 singulas
1042 2240 1232 2289 imagines
1262 2241 1427 2290 inpense
1459 2239 1637 2276 admirati
1660 2238 1838 2276 homines
1869 2238 1972 2275 docti

256 2311 494 2345 structuram
534 2311 665 2344 tamen
698 2306 843 2344 nullam
875 2307 977 2350 fere,
1017 2307 1135 2344 immo
1169 2311 1317 2345 temere
1357 2318 1607 2357 aspersorum
1641 2306 1973 2354 confusorumque

256 2375 547 2424 pigmentorum
581 2375 774 2412 mixturae
815 2363 947 2411 nescio
988 2375 1048 2411 cui
1080 2374 1244 2412 similius
1278 2385 1392 2423 quam
1432 2373 1585 2412 tabulae
1617 2373 1835 2423 prudenter
1868 2385 1971 2410 com-

255 2442 406 2491 positae
438 2454 536 2491 opus
566 2454 651 2479 esse
684 2440 993 2484 consentiebam,
1027 2453 1114 2479 cum
1147 2445 1281 2479 nostra
1314 2441 1469 2479 demum
1504 2446 1628 2478 aetate
1660 2440 1697 2478 C.
1724 2441 1764 2478 κ’.
1791 2439 1972 2489 Naegels-

256 2507 417 2546 baehius
457 2509 594 2551 extitit,
629 2510 695 2558 qui
726 2509 762 2545 in
796 2507 981 2558 philologi
1014 2508 1065 2546 ΙΙΙ
1100 2521 1136 2558 p.
1170 2511 1250 2551 472
1274 2519 1356 2557 sqq.
1393 2510 1624 2546 concinnam
1658 2513 1695 2545 et
1726 2508 1972 2545 artificiosam

257 2575 450 2625 quandam
495 2575 791 2625 dispositimiem
839 2576 979 2613 satirae
1025 2581 1156 2613 sextae
1203 2575 1480 2613 commendare
1527 2576 1699 2613 animum
1752 2575 1969 2613 induceret.

256 2644 381 2692 Atque
411 2642 450 2679 id
482 2643 659 2692 profecto
692 2643 909 2680 rectissime
942 2644 1075 2681 statuit
1106 2644 1164 2681 vir
1197 2643 1521 2692 elegantissimus,
1558 2642 1754 2692 indignam
1787 2655 1828 2680 ac
1860 2654 1972 2692 pror-

256 2722 324 2747 sus
356 2709 519 2747 alienam
561 2722 579 2747 a
612 2709 803 2747 Iuvenalis
841 2711 998 2759 ingenio
1040 2722 1122 2748 eam
1164 2711 1388 2761 opinionem
1429 2723 1532 2754 esse,
1575 2722 1648 2759 qua
1689 2709 1796 2747 nullo
1837 2709 1973 2747 ordine

257 2782 410 2814 servato
450 2776 596 2814 fudisse
637 2781 832 2825 {tunquam
872 2778 1062 2815 informes
1102 2779 1318 2816 carminum
1359 2780 1480 2821 setus,
1522 2790 1598 2815 non
1633 2776 1849 2814 elaboratas
1888 2775 1972 2812 dili-

257 2844 483 2893 gentissime
523 2843 695 2891 singulas
731 2848 864 2893 partes
905 2844 1042 2882 callide
1083 2844 1263 2893 ‹hgerere
1304 2849 1341 2882 et
1374 2844 1543 2894 coligarc
1581 2844 1778 2882 studuisse
1817 2847 1972 2893 poetam

258 2909 454 2948 rhetorica
502 2911 736 2961 praesertim
778 2910 980 2961 disciplina
1021 2911 1218 2949 eruditum
1259 2913 1423 2961 fii‘lguut.
1487 2912 1565 2950 lN'ee
1599 2916 1776 2949 secutum
1811 2914 1971 2953 tantum,

258 2977 325 3015 sed
366 2978 521 3027 egregie
562 2977 728 3015 eundem
771 2983 998 3016 exsecutum
1033 2991 1139 3022 esse,
1182 2983 1223 3016 ut
1268 2984 1358 3029 apto
1400 2984 1438 3016 et
1476 2978 1575 3016 bene
1608 2979 1790 3015 distincto
1837 2977 1974 3016 ordine

259 3045 501 3094 singularum
525 3046 731 3083 satirarum
757 3050 983 3093 argumenta
1007 3045 1318 3089 absolverentur,
1354 3046 1531 3096 exempla
1555 3045 1752 3082 luculenta
1786 3043 1975 3082 habemus

259 3111 412 3162 eclogas
463 3112 489 3149 l.
532 3112 576 3150 Il.
619 3112 681 3149 111.
726 3112 804 3150 ΠΙ.
848 3112 941 3150 vm.
987 3112 1033 3150 lX
1083 3118 1119 3149 61
1167 3119 1319 3150 resecto
1374 3113 1576 3163 prooemio
1623 3112 1865 3161 ineptissimo
1912 3112 1972 3155 lv,

259 3189 424 3227 quarum
458 3178 513 3215 rel
546 3180 583 3216 in
616 3178 726 3216 libris
748 3179 890 3217 tradita
924 3184 999 3217 tam
1022 3179 1134 3229 plana
1170 3185 1206 3216 61
1238 3179 1400 3229 simplex
1434 3180 1636 3228 dispositio
1670 3183 1738 3221 est,
1770 3184 1807 3216 ut
1833 3178 1975 3227 quibus
