2330 3606
385 147 467 188 406
839 151 876 186 G.
909 150 1055 186 THILO:
1087 151 1417 187 EMENDATIONES
1448 151 1656 188 SlLlANAE.

387 262 673 315 amyklaeische
705 261 962 300 l‘ssanzstadt!
1006 261 1073 300 sed
1105 261 1249 301 Tibulli
1282 274 1396 301 versu
1427 261 1591 301 Bothius
1623 274 1737 312 quam
1771 265 1902 315 inepte
1934 276 2029 303 usus
2061 266 2109 303 sit

387 330 625 370 Broukhusii
656 330 904 369 adnotatione
935 329 1137 374 docemur,
1170 330 1236 381 qui
1264 331 1412 378 passim
1443 330 1490 368 ad
1520 341 1659 369 (meare
1688 332 1889 381 pertinere
1918 331 2111 370 intellexit

387 404 425 437 et
457 399 602 437 dietum
636 410 721 436 esse
752 411 824 449 pro
857 398 1098 448 epromiscua
1120 399 1272 436 Venere
1305 399 1389 435 uti'.
1438 409 1567 447 neque
1595 400 1798 447 slrependi
1826 399 1944 437 verbo
1969 401 2110 438 tertius

387 479 501 505 casus
533 466 700 505 additur.
746 466 927 517 equidem
950 464 1160 514 Amyclaeo
1182 467 1342 515 pariter
1365 467 1514 504 lasciva
1545 467 1703 515 Canopo
1733 471 1871 517 poetae
1895 479 1979 505 esse
2002 468 2108 506 coni·-

388 535 458 573 cio.
494 536 655 582 pariter
686 533 869 572 adverbio
902 532 1133 584 simpliciter
1163 534 1291 584 posito
1315 533 1486 572 dativum
1509 534 1744 573 addiderunt
1764 534 1894 574 Livius
1915 535 2109 573 XXXVllI

390 605 459 646 16,
494 601 731 641 Claudianus
763 601 810 639 de
841 607 956 652 raptu
988 601 1096 640 Pros.
1130 602 1145 640 I
1178 605 1277 645 165,
1312 602 1459 640 Statius
1491 601 1613 641 Theb.
1650 603 1680 641 V
1713 605 1804 644 121.
1875 607 1913 641 at
1950 602 2111 641 dubium

388 682 474 708 esse
507 670 702 714 concedo,
736 682 830 707 num
861 668 965 707 idem
998 682 1110 708 casus
1141 674 1249 708 recte
1282 674 1472 721 ponatur,
1506 671 1537 709 si
1559 669 1786 709 adverbium
1818 669 1912 708 illud
1935 683 2023 709 cum
2045 670 2110 708 ad-

387 738 525 776 iectivo
558 738 687 787 aliquo
719 739 894 776 iunctum
927 738 989 775 sit.
1052 737 1121 776 sed
1160 750 1250 776 cum
1281 739 1442 787 pariter
1479 739 1628 777 lasciva
1669 749 1782 776 voces
1822 738 1984 777 eandem
2023 750 2111 777 sen-

388 807 550 843 tentiam
583 805 753 844 habeant
785 816 899 854 quam
927 816 1009 854 par
1039 807 1223 855 lascivia,
1266 806 1349 844 eius
1380 806 1486 844 modi
1517 805 1737 844 libertatem
1771 805 1906 844 Silium
1946 806 2018 844 sibi
2054 807 2111 844 in-

388 872 556 911 dulsisse
589 886 666 912 11011
699 886 862 924 prorsus
893 872 1141 924 inprobabile
1171 873 1336 912 videtur.
1389 873 1542 912 volebat
1572 878 1702 912 autem
1734 878 1849 924 poeta
1881 874 2111 923 significare,

389 941 587 991 Memphin
620 941 666 980 ad
699 941 906 992 Phrygiam
938 940 1073 980 tibiam
1105 954 1184 979 non
1215 942 1344 980 minus
1376 941 1516 980 lascive
1548 946 1726 992 strepere
1758 953 1874 993 quam
1897 941 2111 992 Canopum,

390 1021 506 1059 quam
541 1008 678 1047 urbem
712 1008 889 1047 luxuriae
911 1010 1193 1061 Aegyptiorum
1225 1011 1335 1061 quasi
1367 1009 1501 1048 sedem
1533 1013 1570 1047 et
1592 1008 1833 1047 domicilium
1865 1008 1912 1048 ab
1944 1010 2114 1060 antiquis

391 1076 652 1127 scriptoribus
683 1076 854 1116 habitam
887 1089 971 1116 esse
1004 1077 1188 1116 Heinsius
1219 1077 1266 1116 ad
1299 1077 1409 1117 Ovidi
1441 1090 1562 1117 amor.
1597 1077 1630 1116 II
1664 1081 1726 1121 13,
1760 1082 1784 1120 7
1816 1076 1958 1117 docuit.

506 1246 625 1285 Paulo
656 1252 746 1298 post
776 1259 808 1286 v,
844 1251 924 1289 440
957 1258 1039 1298 sqq.
1092 1246 1286 1287 Teuthras
1319 1246 1567 1286 citharoedus
1600 1246 1787 1287 miracula
1819 1245 1866 1286 ab
1897 1246 2116 1298 Amphione

393 1314 551 1366 Orpheo
583 1314 666 1353 aliis
699 1316 732 1353 vi
763 1315 869 1367 lyrae
902 1314 1003 1354 edita
1035 1316 1223 1353 cecinisse
1254 1320 1449 1354 narratur.

777 1419 965 1466 Arqolieis
985 1420 1174 1466 quondam
1190 1420 1345 1466 populis
1369 1419 1554 1464 (mirabile
1575 1420 1676 1455 dictu
1687 1420 1714 1465 l)

776 1488 960 1523 exaudita
981 1488 1128 1534 chelys,
1151 1489 1316 1534 lapidem
1338 1488 1519 1524 testudine
1538 1487 1639 1534 felix

777 1556 915 1592 ducere
937 1562 971 1591 ec
992 1557 1028 1591 in
1051 1566 1180 1591 muros
1196 1557 1371 1602 posuisse
1393 1556 1554 1592 volentia
1575 1566 1686 1592 saxa.

393 1657 515 1693 miror
547 1655 651 1705 quod
690 1668 805 1694 nemo
846 1660 934 1694 ante
965 1656 1199 1707 Rupertium
1235 1656 1348 1700 vidit,
1391 1668 1547 1694 versum
1587 1659 1665 1697 441
1707 1655 1935 1706 gravissimo
1975 1654 2118 1692 mendo

390 1724 638 1773 inquinatum
671 1736 767 1762 csse.
830 1725 1001 1773 chelys
1033 1725 1135 1762 enim
1167 1723 1275 1762 nullo
1307 1723 1423 1762 modo
1456 1723 1530 1762 diei
1561 1727 1692 1774 potest
1726 1723 1832 1770 felix
1871 1724 2120 1761 testudine

392 1803 497 1830 saxa
528 1793 684 1830 ducere.
746 1792 960 1843 Rupertius
992 1795 1051 1831 vel
1075 1794 1232 1841 pectine
1263 1793 1431 1831 fortasse
1462 1791 1673 1842 legendum
1706 1804 1791 1830 esse
1823 1791 1938 1835 dixit,
1981 1795 2024 1829 ut
2062 1793 2122 1829 vel

395 1865 499 1898 esset
529 1872 602 1910 pro
634 1861 746 1898 (aleo.
809 1859 847 1898 id
881 1865 1010 1898 tamen
1041 1861 1308 1899 reiectaneum
1342 1860 1447 1911 quod
1483 1861 1638 1909 pectine
1670 1872 1763 1898 voce
1802 1861 1840 1897 in
1880 1871 1995 1897 versu
2039 1862 2119 1901 443

392 1932 507 1978 poeta
538 1940 634 1966 usus
667 1932 736 1966 est.
800 1927 1041 1978 probabilius
1073 1929 1254 1967 conicere
1286 1927 1381 1966 mihi
1412 1927 1545 1966 videor
1576 1928 1749 1977 lapidem
1784 1928 1992 1966 dulcedine
2014 1926 2122 1974 felix

394 1997 551 2035 ducere.

507 2166 548 2204 In
580 2165 679 2204 libro
711 2165 944 2205 duodecimo
977 2178 996 2204 a
1028 2178 1143 2204 versu
1176 2169 1256 2208 420
1290 2165 1409 2204 Silius
1440 2166 1631 2210 narravit,
1672 2164 1929 2204 Hannibalem
1969 2177 1989 2203 a
2020 2164 2121 2203 Mar-

395 2233 492 2271 cello
534 2235 675 2272 victum
714 2235 872 2273 Acerris
910 2234 1157 2283 Nuceriaque
1197 2235 1321 2284 captis
1360 2233 1571 2278 Casilinum
1610 2233 1777 2283 petisse,
1816 2232 1907 2271 iude
1945 2231 2122 2272 Petiliam

395 2314 437 2339 se
470 2303 644 2340 vertisse.

664 2407 813 2452 iamque
834 2407 870 2441 in
893 2406 1115 2441 Dauniacos
1137 2405 1418 2452 transfundens
1440 2406 1589 2452 aynzina
1611 2414 1765 2450 campos
1917 2406 1983 2438 420

663 2475 835 2519 sleclebal
856 2475 1018 2522 rabiem,
1042 2486 1115 2520 quo
1131 2474 1286 2519 praeda
1309 2475 1366 2509 vel
1385 2475 1445 2508 ira
1468 2477 1648 2509 vocasset.

396 2575 603 2612 Vaticamis
634 2576 740 2615 1652
773 2574 1020 2622 (lapniuaqos
1051 2572 1228 2617 exhibet,
1263 2585 1499 2623 quamquam
1532 2576 1689 2623 praeter
1722 2572 1774 2610 da
1807 2571 1956 2610 litteras
1987 2583 2123 2609 omnes

395 2655 415 2680 a
448 2654 565 2680 manu
597 2641 770 2680 secunda
809 2641 848 2678 in
881 2639 1019 2679 lacuna
1052 2641 1223 2691 scriptae
1267 2645 1369 2679 sunt.
1432 2642 1472 2679 in
1506 2640 1683 2679 Vrbinati
1715 2643 1795 2683 358
1836 2639 1977 2689 legitur
2019 2639 2123 2676 ddu-

395 2712 577 2757 m‘uassos‚
611 2708 713 2760 quod
746 2709 788 2747 in
823 2708 1014 2746 editiones
1056 2709 1234 2758 antiquas
1273 2709 1441 2746 transiit.
1504 2707 1595 2746 inde
1628 2707 1821 2759 Iosephus
1853 2707 2026 2756 Scaliger
2058 2706 2121 2744 Ni-

397 2777 504 2816 colao
536 2778 696 2815 lleinsio
729 2776 971 2815 adsentiente
1003 2776 1230 2814 Dauniacos
1258 2775 1408 2814 elicuit:
1454 2788 1553 2827 quae
1591 2776 1759 2813 nominis
1791 2776 1934 2818 forma,
1976 2774 2047 2811 etsi
2080 2785 2122 2811 ea

397 2857 523 2896 neque
556 2844 673 2882 Silius
704 2856 832 2894 neque
866 2843 964 2882 alius
995 2848 1184 2892 quantum
1216 2844 1296 2881 scio
1329 2844 1498 2895 scriptor
1538 2856 1633 2882 usus
1673 2848 1749 2886 est,
1790 2843 2025 2881 Hiberiacus
2067 2846 2120 2878 ta-

399 2925 486 2950 men
533 2912 709 2950 adiectivi
754 2910 1007 2949 similitudine
1056 2910 1165 2961 (XIII
1205 2909 1305 2961 510)
1347 2912 1440 2949 satis
1486 2910 1723 2949 defenditur.
1788 2908 1949 2960 putabat
1994 2912 2123 2946 autem

397 2982 582 3019 11011151115
624 2995 643 3018 0
682 2981 909 3018 Dauniacos
948 2979 1094 3017 sactum
1136 2990 1223 3017 esse
1262 2980 1511 3028 Dauniaqos,
1552 2978 1643 3016 inde
1691 2992 1711 3017 a
1750 2976 1910 3015 librario
1955 2975 2123 3026 quodam

400 3049 662 3096 Daunivafflm.
733 3059 847 3097 quam
880 3047 1022 3085 summi
1054 3046 1124 3084 viri
1157 3048 1423 3085 coniecturam
1455 3045 1545 3084 uolo
1578 3045 1735 3095 quidem
1769 3044 1926 3082 omnino
1958 3043 2120 3086 reicere,

399 3128 526 3165 neque
575 3120 702 3153 tamen
746 3116 912 3153 reticere
957 3113 1060 3165 quod
1100 3113 1195 3151 mihi
1234 3115 1273 3152 111
1319 3119 1491 3152 mentem
1537 3114 1663 3161 veuit,
1703 3110 1831 3150 verbis
1876 3110 2124 3160 transpositis

399 3182 649 3220 scribendum
689 3196 774 3220 0550
806 3184 960 3229 limique
992 3193 1092 3229 naqa
1112 3184 1150 3218 in
1180 3182 1310 3219 Dauni
1332 3181 1619 3227 transfundens·
1646 3180 1807 3227 stamina
1827 3189 1995 3227 campos,
2025 3190 2123 3228 quae
