2330 3606
405 159 487 201 334
711 161 748 196 Il.
781 163 818 195 Α.
850 159 983 195 KOCH:
1017 156 1314 193 CONIECTANEA
1347 153 1387 189 IN
1418 152 1583 189 POETAS
1614 150 1810 188 LATINOS.

723 274 895 311 Pallidus·
915 275 951 308 in
973 273 1088 307 linces
1108 271 1209 306 silvis
1229 267 1386 304 errabat
1406 266 1536 309 Arion,

806 341 978 376 Pallidus
998 341 1037 374 in
1057 340 1158 374 lenta
1181 337 1301 372 Naidc
1322 335 1498 381 Daphnis
1518 337 1612 369 erat.

518 431 561 470 In
593 443 709 469 versu
741 433 821 473 730
853 430 932 468 sive
963 427 1143 466 codicum
1174 426 1412 476 scripturam
1441 424 1552 460 mulli
1577 444 1631 448 ——
1665 427 1802 470 putent
1839 425 2122 464 retinuerimus

406 502 485 539 sive
517 512 606 538 cum
637 498 796 536 Heinsio
828 498 899 536 lzoc
922 498 1029 534 vultu
1060 494 1355 545 scripserimus,
1395 490 1687 540 languidissima
1719 491 1885 530 efficitur
1916 494 2118 536 sententia,

406 568 571 606 amantis
602 566 735 604 colore
766 564 909 616 pallido
942 563 1082 602 malam
1123 563 1206 600 eius
1245 559 1506 598 valetudinem
1538 559 1697 608 agnosci
1728 564 1765 596 et
1796 559 1975 609 quidem,
2018 560 2121 610 quod

407 637 521 673 etiam
552 635 723 685 ineptius
756 638 831 677 est,
874 644 952 670 non
990 631 1036 670 ab
1069 629 1251 668 omnibus
1290 627 1359 666 sed
1397 640 1417 665 a
1448 625 1592 665 multis.
1655 625 1767 672 Quod
1799 626 2007 666 dicendum
2041 634 2123 667 erat

406 708 444 741 et
480 702 608 741 verbis
639 703 711 740 lzoc
741 702 851 739 decel
880 699 1140 749 significatur,
1180 695 1247 734 tali
1287 696 1371 734 eius
1409 693 1540 732 colore
1572 681 1745 732 a‘morem
1778 695 1996 746 puellarum
2029 708 2121 734 con-

406 770 548 815 ciliari,
581 781 838 819 assequemur
868 765 1096 806 scribendo:
1129 766 1202 803 leoc
1227 765 1415 802 nullum
1445 773 1521 800 uon
1553 763 1720 800 valuisse
1754 768 1942 811 putem,·
1980 764 2027 802 cf.
2060 777 2122 802 ar-

405 839 454 877 tis
488 843 530 883 1,
563 841 645 880 614
682 839 783 875 malz·
816 847 893 874 non
926 846 999 873 sua
1033 833 1170 880 forma
1204 833 1358 880 placel,·
1398 833 1444 874 2,
1478 832 1559 872 632
1589 835 1626 868 el
1655 832 1754 869 nulli
1789 842 1867 869 non
1903 843 1944 868 sc
1974 842 2123 870 coucu-

405 907 531 944 bulsse
563 905 714 952 serunt.
776 904 818 942 In
856 903 1036 954 proximo
1075 913 1191 939 versu
1230 901 1270 937 in
1309 898 1595 936 diversissimas
1634 899 1881 937 coniecturas
1918 899 1990 937 viri
2021 899 2124 937 docti

406 974 514 1012 abire
551 972 797 1016 maluerunt,
838 982 1005 1021 quarum
1043 968 1163 1007 altera
1202 965 1498 1018 improbabilior
1535 965 1656 1004 altera
1697 971 1774 1010 est,
1817 977 1933 1016 quam
1963 966 2122 1005 Heinsio

406 1041 569 1091 obsequi
592 1041 794 1078 verissime
816 1038 1031 1087 corrigenti
1053 1036 1233 1074 Pallidus
1255 1037 1292 1073 2772
1315 1035 1489 1073 Dirces
1508 1035 1613 1072 silvis
1633 1035 1795 1073 errabat
1812 1034 1972 1073 Orion.
2024 1035 2123 1072 leor—

404 1111 498 1148 re‘da
530 1110 668 1148 Dirces
694 1117 847 1156 pascua
879 1106 974 1144 dixit
1005 1104 1149 1143 Statius
1181 1103 1301 1142 Theb.
1338 1106 1380 1147 2,
1414 1105 1507 1144 432.

462 1226 558 1260 Artis
582 1227 618 1264 1,
642 1225 726 1259 705:
760 1222 909 1258 Scilicet
930 1226 970 1257 ul
984 1222 1115 1267 pudor
1136 1224 1191 1256 est
1212 1219 1398 1266 quaedam
1422 1218 1589 1263 coepisse
1609 1219 1789 1263 priorem,

839 1289 901 1325 Sic
923 1290 995 1325 alio
1015 1293 1168 1336 gratum
1190 1291 1246 1323 est
1267 1287 1468 1332 incipiente
1484 1285 1582 1332 pati.

519 1380 591 1419 Hic
613 1392 702 1418 cum
723 1365 919 1428 Naugerio
942 1376 1194 1416 scrihendmn
1217 1388 1304 1414 esse
1334 1380 1378 1413 ut
1394 1375 1528 1423 pudor
1555 1379 1612 1412 esc
1641 1375 1859 1422 quidam,
1892 1374 2032 1426 probat
2060 1389 2121 1414 ar-

409 1450 459 1487 tis
481 1452 518 1494 3,
543 1453 622 1491 755
653 1459 776 1496 carpe
802 1447 905 1485 cibos
935 1447 1080 1493 de'ffl'lls.
1131 1450 1189 1483 est
1216 1444 1376 1492 quidam
1404 1447 1536 1491 cestus
1564 1442 1726 1490 edendi,
1757 1442 1824 1481 ubi
1854 1442 1901 1481 ad
1933 1444 2123 1491 quiddam

409 1516 699 1555 defendendum
731 1515 879 1553 frustra
909 1513 1094 1552 Heinsius
1124 1511 1253 1550 attulit
1284 1523 1370 1562 epp.
1406 1522 1453 1548 ex
1484 1510 1608 1549 Ponto
1641 1515 1685 1554 1,
1720 1513 1763 1555 2,
1797 1515 1848 1553 55
1887 1518 1977 1549 sunt
2004 1513 2125 1559 quid—

408 1585 500 1622 dam
531 1586 695 1622 oracula
725 1588 867 1620 valum.
927 1581 1060 1620 Altero
1094 1581 1196 1618 enim
1227 1579 1313 1617 loco
1351 1583 1466 1630 poeta
1497 1577 1608 1622 dicit,
1647 1584 1778 1616 vatum
1816 1578 1972 1617 oracula
2011 1591 2125 1617 suum

408 1652 562 1703 pondus
594 1651 739 1690 habere
770 1661 899 1700 neque
921 1647 1206 1687 contemnenda
1238 1659 1344 1691 esse;
1378 1646 1514 1689 altero,
1548 1657 1634 1684 esse
1659 1645 1897 1696 singularem
1931 1647 2124 1696 quendam

408 1725 563 1770 gestum
595 1719 736 1757 edendi
766 1717 920 1769 puellis,
954 1716 1097 1767 quihus
1128 1728 1246 1754 curae
1277 1716 1327 1754 sit
1357 1715 1449 1753 viris
1480 1713 1656 1765 placere,
1691 1714 1991 1752 observandum.

465 1836 562 1871 Artis
584 1838 624 1875 2,
648 1836 735 1870 195:
767 1834 930 1870 Pectora
952 1842 1020 1868 nec
1041 1832 1164 1866 missis
1183 1830 1290 1866 iubeo
1307 1830 1496 1876 praebere
1516 1830 1682 1876 sumiti&

846 1902 950 1937 Artis
970 1904 1084 1936 eruut
1104 1903 1214 1935 cauto
1236 1899 1361 1934 mollia
1382 1899 1487 1933 iussa
1508 1907 1624 1933 meae.

521 1992 577 2031 Ita
606 1991 792 2030 Heinsius
823 1990 982 2040 scripsit
1017 2001 1090 2039 pro
1130 1988 1309 2026 codicum
1340 1986 1508 2025 lectione
1539 1990 1693 2024 caulae.
1754 1985 1831 2024 Sed
1861 1998 1941 2024 non
1970 1985 2124 2025 intelle-

410 2060 532 2109 gitur,
574 2071 645 2098 cur
676 2063 789 2097 cauto
820 2062 971 2096 tantum
1003 2055 1134 2095 mollia
1165 2056 1277 2098 artis,
1319 2066 1435 2104 quam
1473 2054 1682 2105 profitetur
1716 2058 1854 2104 poeta,
1896 2054 2000 2092 iussa
2041 2067 2126 2093 esse

410 2128 606 2171 dicantur,
650 2127 760 2176 quasi
791 2125 849 2163 vel
882 2126 1041 2163 omnino
1072 2124 1119 2162 ad
1149 2125 1349 2161 incautum
1380 2123 1605 2173 pertineant
1634 2121 1693 2159 vel
1724 2123 1880 2160 incauto
1912 2121 1984 2160 alia
2015 2127 2128 2160 canat

411 2206 526 2244 quam
559 2198 683 2233 cauto.
745 2194 828 2237 Hic,
861 2193 928 2231 uhi
959 2204 1121 2243 asperae
1152 2190 1317 2229 heroum
1357 2191 1431 2228 arti
1469 2189 1626 2227 mollem
1664 2201 1773 2227 suam
1804 2194 1920 2240 poeta
1953 2191 2126 2240 opponit,

410 2262 647 2301 scribemus:
682 2263 789 2299 Artis
818 2266 934 2299 erum
962 2262 1128 2298 cultae
1158 2260 1291 2297 mollia
1320 2259 1426 2296 iussa
1452 2269 1583 2302 meam
1618 2257 1665 2295 cf.
1700 2260 1744 2302 3,
1778 2260 1856 2299 341
1893 2260 2016 2295 nostri
2044 2259 2130 2305 leqe

409 2333 515 2369 culta
549 2331 731 2377 maqlstrz'
766 2329 974 2373 Carmina,
1016 2332 1054 2366 et
1085 2339 1158 2367 am.
1204 2331 1246 2371 1,
1282 2330 1352 2370 15,
1387 2328 1438 2368 28
1471 2326 1670 2364 dz'scculur
1708 2326 1881 2369 numeri,
1915 2327 2017 2364 calte
2059 2325 2129 2363 Ti-

410 2398 529 2444 bulle,
561 2399 628 2435 tul.

467 2502 566 2537 Artis
587 2504 629 2541 2,
652 2502 737 2535 307:
769 2499 879 2545 Ipsos
900 2499 1137 2542 concubitus,
1160 2499 1284 2544 ipsum
1306 2507 1486 2533 venerere
1508 2497 1641 2539 licebit,

844 2567 953 2611 Quod
971 2569 1083 2609 iuvat,
1105 2570 1140 2601 et
1161 2566 1347 2612 quaedam
1367 2566 1509 2611 yaudia
1531 2566 1650 2601 noctis
1669 2565 1774 2601 habe.

524 2644 579 2684 Ad
610 2644 860 2683 Heinsianam
902 2643 978 2682 loci
1009 2643 1185 2694 corrupti
1223 2642 1535 2681 emendationem
1574 2647 1612 2680 el
1649 2645 1816 2691 querula
1848 2643 2000 2690 „claudia
2036 2652 2127 2680 voce

412 2716 516 2760 nota,
549 2724 664 2762 quam
686 2710 1014 2750 Mitscherlichius
1037 2715 1196 2749 secutus
1219 2714 1289 2754 est,
1324 2711 1537 2761 confugere
1559 2710 1803 2761 desperantis
1835 2715 1948 2748 esset.
2002 2710 2125 2755 Quam

412 2779 624 2820 Merkelius
665 2780 893 2829 excogitavit
934 2783 971 2816 et
1015 2778 1186 2817 Luciano
1223 2777 1412 2817 Muellero
1456 2778 1636 2830 probavit
1677 2785 1714 2816 el
1745 2779 1942 2826 praedam
1972 2778 2125 2825 (laudea

412 2850 534 2887 noctis
560 2847 660 2886 habe
696 2847 821 2886 fateor
859 2858 921 2885 me
958 2858 1037 2884 non
1073 2845 1315 2896 intellegere.
1378 2845 1510 2886 Puella
1550 2847 1734 2884 amatoris
1771 2845 1909 2895 gaudia
1939 2844 2124 2895 praedam

413 2915 472 2953 vel
509 2916 679 2967 pretium
719 2916 853 2966 potius
890 2914 1036 2953 faciens
1075 2913 1238 2952 haberet
1276 2926 1352 2964 quo
1384 2913 1685 2959 defenderetur,
1719 2918 1867 2952 amator
1898 2923 1975 2961 quo
2006 2912 2123 2951 modo

414 2996 482 3022 sua
512 2984 597 3034 ipse
628 2982 768 3033 gaudia
797 2981 983 3033 praedam
1020 2981 1149 3019 faeere
1187 2983 1329 3032 possit,
1371 2994 1449 3020 non
1489 2983 1611 3032 capio.
1674 2980 1934 3020 Scribendum
1971 2985 2047 3019 est:
2088 2985 2126 3019 cl

414 3062 536 3098 quae
565 3051 651 3088 dal
676 3050 831 3098 „candia
864 3054 1008 3088 nocte
1050 3050 1228 3094 Venus,·
1259 3050 1306 3088 cf.
1341 3053 1378 3094 2,
1412 3053 1492 3092 459
1534 3051 1668 3088 oscula
1701 3049 1754 3086 da
1788 3050 1919 3095 flenti,
1961 3048 2124 3087 Veneris

415 3118 468 3154 da
496 3118 651 3165 gaudia
676 3120 810 3165 fleam
849 3121 893 3162 3,
927 3120 1006 3160 805
1041 3117 1195 3165 qaudia
1218 3123 1311 3166 post
1342 3118 1502 3156 Veneris
1529 3128 1630 3166 quae
1656 3121 1789 3165 poscel
1809 3127 1949 3154 munus
1977 3127 2122 3154 aman.-

415 3189 508 3232 lcm‚
542 3185 621 3223 Illa
650 3197 744 3224 suas
770 3188 874 3225 uolel
897 3186 1054 3234 pondus
1084 3184 1228 3223 habere
1254 3197 1416 3233 preces,·
1453 3187 1497 3230 2,
1532 3188 1612 3227 419
1649 3184 1721 3223 sea
1759 3184 1834 3222 dea
1864 3195 1941 3221 uon
1967 3186 2122 3234 patitur
