2330 3606
522 163 563 199 H.
587 163 626 198 A.
657 162 792 198 KOCH:
823 161 1118 198 CONIECTANEA
1149 160 1191 196 IN
1221 159 1387 196 POETAS
1416 158 1611 196 LATINUS.
1841 153 1920 194 331

217 281 332 328 poeta
362 287 441 314 non
471 285 607 313 carere
639 272 779 311 effectu
809 272 914 323 quod
943 272 1019 310 duo
1049 269 1209 320 velint),
1250 271 1377 321 aptius
1408 271 1457 309 sit
1493 269 1678 321 precibus
1714 272 1920 320 temptare,

218 343 286 382 sed
316 344 361 388 is,
393 343 455 381 cui
486 342 698 380 etiamnum
727 340 819 378 licet
848 352 1011 378 munera
1042 339 1142 377 bene
1167 350 1328 389 ponere,
1360 338 1544 389 precibus
1575 337 1739 387 obsequi
1769 336 1920 381 debeat,

217 423 266 448 ne
296 414 432 461 postea
463 421 551 447 cum
585 413 725 446 eventu
757 408 871 445 etiam
892 407 1115 446 mercedem
1146 407 1306 444 amittat.
1359 406 1465 451 Quae
1496 405 1702 444 difficultas
1733 417 1821 443 cum
1843 416 1922 442 non

216 478 346 516 minus
375 478 416 515 in
436 476 689 514 Heinsianam
720 475 984 513 coniecturam
1010 476 1139 523 aptius
1165 478 1207 511 at
1230 473 1358 520 fuerit
1386 472 1507 516 cadat,
1540 473 1581 511 in
1612 483 1686 522 qua
1717 476 1922 523 praeterea

216 544 315 583 duae
340 544 557 583 sententiae
586 554 663 581 non
687 541 890 592 copulatae
920 541 1134 585 offendunt,
1168 540 1420 580 scribendnm
1442 544 1518 578 est:
1552 540 1690 588 Aptius
1719 541 1806 578 hoe
1825 539 1922 587 fue-

215 613 268 649 rit
298 611 483 659 precibus
520 611 757 649 tribuisse
795 614 1072 656 royantum.
1143 609 1242 647 Dicit
1272 613 1405 659 poeta,
1450 607 1489 645 id
1528 607 1631 657 quod
1669 608 1751 658 ipsa
1782 608 1853 645 viri
1885 612 1922 646 et

213 679 381 718 feminae
412 678 609 716 voluntate
639 682 767 716 ratum
789 677 965 715 futurum
997 677 1057 719 sit,
1091 676 1242 714 etiamsi
1272 674 1386 719 nolis,
1418 676 1546 726 aptius
1577 687 1675 718 esse,
1709 674 1800 713 dum
1822 680 1919 713 tem-

212 759 288 797 pus
318 747 377 790 sit,
410 744 595 796 precibus
627 757 765 783 eorum
797 743 962 782 dedisse.
1025 743 1079 783 Cf.
1113 744 1207 782 artis
1239 748 1275 787 1,
1310 745 1388 785 689
1420 744 1497 781 nisi
1523 744 1595 781 hoe
1623 744 1760 781 matris
1786 744 1921 791 preci-

213 814 283 852 bus
310 813 525 858 tribuisset,-
556 813 667 851 Statii
697 810 820 850 Theb.
856 815 920 856 10,
955 814 1034 854 130
1065 812 1117 849 a'a
1143 810 1329 860 precibus
1359 813 1490 849 tantis.

267 952 343 987 Am.
365 955 404 992 2,
426 952 466 991 6,
487 952 550 986 39:
589 949 738 996 Optima
757 950 883 996 prima
903 948 987 996 fere
1008 950 1180 985 manibus
1200 950 1405 995 rapiuntur
1427 949 1576 985 avaris.-

667 1017 881 1064 Implentur
901 1019 1070 1053 numeris
1090 1018 1282 1053 deteriora
1302 1018 1392 1053 suis.

323 1107 397 1145 Hic
417 1118 491 1145 nec
521 1117 662 1144 manus
691 1117 840 1144 avarae
873 1118 953 1144 non
984 1106 1182 1144 nominata
1212 1117 1381 1156 persona
1413 1104 1627 1155 elegantiae
1658 1105 1789 1156 specie
1813 1117 1917 1143 com-

212 1174 448 1213 mendantur
480 1178 518 1211 et
549 1174 687 1211 mortis
708 1174 948 1211 mentionem
970 1174 1232 1212 necessariam
1255 1185 1341 1211 esse
1372 1185 1460 1211 cum
1491 1173 1773 1211 sententiarum
1794 1184 1921 1211 nexus

211 1242 327 1280 docet
368 1246 450 1280 tum
490 1241 599 1280 locus
639 1241 900 1291 Vergilianus,
941 1242 1007 1290 qui
1045 1245 1183 1291 poetae
1226 1240 1455 1279 obversatus
1496 1246 1573 1285 est,
1613 1252 1745 1290 georg.
1779 1242 1826 1284 2,
1868 1242 1920 1282 65

209 1311 355 1358 optima
391 1320 567 1357 quaeque
595 1309 678 1347 dies
709 1310 861 1346 miseris
897 1309 1125 1346 mortalibus
1164 1310 1252 1346 aevi
1279 1309 1416 1346 Prima
1442 1308 1573 1356 fuya,-
1607 1309 1771 1347 subeunt
1799 1308 1924 1345 morbi

211 1378 405 1424 tristisque
437 1380 613 1414 senectus
647 1376 698 1413 Et
727 1376 837 1414 labor
873 1382 910 1413 et
936 1377 1063 1414 durae
1103 1377 1212 1424 rapit
1246 1378 1490 1414 inelementia
1530 1378 1675 1414 mortis.
1736 1375 1918 1414 Scriben-

211 1443 303 1482 dum
326 1448 402 1482 est:
438 1443 592 1492 Optima
616 1445 749 1492 prima
767 1443 858 1490 sere
883 1444 1103 1482 tenebris
1127 1445 1342 1492 rapiuntur
1367 1445 1523 1488 avari's,·
1552 1443 1599 1482 cs.
1625 1443 1762 1482 Catulli
1792 1446 1835 1487 2,
1869 1446 1920 1484 12

210 1516 251 1549 at
271 1511 373 1549 vobis
393 1513 496 1550 male
524 1513 583 1555 sit,
614 1513 744 1550 malae
764 1511 946 1549 tenebrae
969 1510 1071 1557 Orci,
1101 1522 1202 1558 quae
1227 1513 1358 1549 onznia
1383 1512 1482 1550 bella
1509 1512 1715 1558 devoratis,
1747 1516 1785 1549 et
1805 1522 1916 1562 prae-

210 1582 316 1617 terea
349 1579 462 1629 Verg.
496 1589 628 1628 georg.
664 1582 707 1622 2,
741 1580 822 1620 492
852 1579 1131 1627 strepitumque
1163 1579 1390 1618 Acherontis
1419 1581 1546 1618 avari.

264 1716 347 1751 Am.
380 1718 420 1755 2,
448 1717 487 1756 9,
515 1717 554 1751 1;
592 1715 621 1752 0
642 1727 847 1762 numquam
875 1728 949 1762 pro
971 1726 1027 1752 me
1047 1717 1142 1752 satis
1161 1717 1357 1764 indiynate
1382 1717 1535 1763 Cupido,

666 1783 693 1819 0
715 1785 753 1819 in
773 1785 887 1819 corde
909 1794 987 1820 meo
1009 1785 1189 1820 desidiose
1207 1795 1318 1831 puer.

329 1869 424 1909 Cum
477 1875 592 1922 poeta
646 1869 742 1909 nihil
795 1870 899 1910 aliud
951 1871 1083 1910 dicere
1129 1873 1255 1922 possit
1310 1874 1385 1911 nisi
1432 1873 1690 1924 Cupidinem,
1743 1874 1918 1923 quamvis

208 1949 326 1989 saepe
357 1937 469 1977 multi
499 1939 538 1976 in
570 1950 658 1977 eum
696 1939 839 1977 invecti
869 1940 965 1983 sint,
1005 1939 1180 1978 nondum
1221 1945 1350 1979 tamen
1388 1945 1432 1979 ut
1469 1946 1620 1980 mereat
1656 1942 1915 1992 vituperatum

208 2017 306 2050 esse,
339 2006 588 2045 Burmannus
618 2007 836 2045 rectissime
867 2006 985 2045 verba
1014 2018 1088 2056 pro
1114 2018 1193 2051 me,
1236 2019 1334 2057 quae
1372 2020 1487 2047 nemo
1521 2009 1741 2060 explicavit,
1777 2010 1816 2047 in
1839 2021 1918 2058 pro

206 2085 258 2111 re
296 2078 468 2112 mutasse
500 2073 720 2112 censendus
759 2078 827 2112 est.
896 2074 976 2113 Nec
1014 2087 1150 2113 vocem
1187 2087 1251 2114 res
1300 2077 1526 2127 saepissime
1565 2078 1729 2127 speciei,
1777 2077 1915 2121 verbis,

206 2141 302 2191 spei,
336 2140 528 2179 similibus
550 2141 776 2180 notionibus
799 2143 944 2192 opponi
967 2143 1171 2192 quisquam
1193 2144 1348 2193 ignorat
1371 2144 1432 2196 (cs.
1458 2144 1524 2183 Ov.
1551 2157 1637 2196 epp.
1664 2157 1709 2183 ex
1730 2145 1855 2184 Ponto
1880 2149 1914 2189 1,

208 2213 251 2252 7,
285 2211 336 2250 45
375 2220 529 2256 quaque
553 2219 624 2257 eqo
650 2211 815 2257 permisi
839 2222 992 2259 quaque
1019 2216 1076 2248 est
1101 2222 1165 2249 res
1188 2223 1313 2260 passa
1338 2211 1532 2262 peperci),
1567 2218 1605 2251 et
1635 2217 1678 2251 ut
1706 2212 1767 2251 hic
1797 2212 1914 2252 habe-

206 2287 293 2314 mus
326 2287 403 2324 pro
432 2288 498 2323 re,
529 2278 580 2315 ita
623 2281 713 2316 met.
748 2281 793 2323 3,
826 2281 907 2320 234
946 2278 1129 2328 legimus:
1170 2290 1242 2318 nec
1263 2289 1343 2328 pro
1369 2282 1536 2319 materia
1572 2281 1705 2328 fertur
1735 2281 1913 2322 doluisse.

205 2341 325 2381 Paulo
356 2347 444 2394 post
475 2355 507 2381 v,
543 2348 568 2385 4
605 2349 642 2382 et
676 2345 715 2382 in
754 2348 895 2384 castris
932 2348 1116 2385 vulneror
1152 2348 1234 2395 ipse
1270 2349 1363 2386 meis
1402 2348 1542 2388 melius
1579 2350 1796 2389 scribemus
1834 2353 1917 2400 ipse

205 2411 312 2448 tuis.
374 2410 461 2449 Non
499 2423 599 2461 nego
635 2413 778 2451 amoris
808 2413 971 2452 militem
1003 2418 1128 2452 castra
1168 2416 1310 2453 amoris
1350 2420 1393 2454 ut
1424 2429 1492 2455 sua
1525 2429 1613 2456 cum
1644 2420 1746 2457 veris
1778 2421 1914 2457 castris

205 2481 292 2527 apte
325 2478 505 2516 conferre
535 2491 671 2529 posse;
714 2479 778 2518 hic
813 2480 970 2531 quidem
1007 2482 1047 2519 in
1079 2482 1268 2533 Cupidine
1308 2483 1559 2534 appellando,
1600 2485 1666 2524 ubi
1705 2487 1914 2525 crudelitas

204 2544 267 2582 dei
299 2550 474 2583 suosmet
503 2545 644 2584 milites
677 2547 915 2586 vulnerantis
947 2549 1209 2600 vituperatur,
1250 2552 1472 2589 necessario
1509 2552 1633 2603 ipsius
1664 2555 1808 2593 amoris
1830 2567 1911 2594 cas-

206 2616 263 2651 tra
295 2613 637 2652 commemoranda
670 2618 791 2653 erant.

258 2749 334 2784 Am.
358 2752 389 2789 2,
415 2751 466 2789 15,
490 2751 552 2785 19:
585 2749 627 2785 Si
645 2751 785 2793 dabor,
807 2756 848 2787 ut
867 2753 1014 2789 condar
1034 2754 1176 2794 loculis,
1197 2756 1306 2791 exire
1327 2757 1481 2803 neyuDo,

666 2818 914 2866 Adstrinyens
933 2821 1065 2867 digitos
1085 2822 1173 2858 orbe
1194 2824 1337 2859 minore
1357 2828 1452 2860 tuos.

314 2903 370 2942 Ne
402 2916 707 2944 commemorem
739 2906 785 2944 ad
817 2907 934 2946 verba
970 2909 1006 2946 si
1033 2909 1156 2947 dabor
1183 2910 1399 2950 desiderari
1434 2914 1670 2952 mentionem
1704 2914 1806 2957 eius,
1849 2915 1911 2952 cui

203 2969 343 3008 anulus
374 2971 508 3016 detur,
548 2984 677 3022 neque
709 2973 913 3024 probabile
945 2988 1030 3014 esse
1070 2976 1117 3015 ad
1148 2978 1308 3017 anulum
1339 2979 1476 3018 loculis
1508 2980 1754 3018 condendum
1788 2981 1906 3019 ancil-

203 3035 262 3074 lae
301 3049 374 3088 ope
414 3050 522 3077 usam
561 3052 647 3078 esse
685 3040 875 3090 puellam.
923 3043 1092 3092 pravitas
1130 3045 1340 3085 verborum
1379 3046 1535 3084 illorum
1573 3047 1664 3085 inde
1706 3048 1906 3093 evincitur,

204 3103 306 3151 quod
337 3107 443 3144 notio
484 3108 565 3145 voci
606 3109 718 3146 exire
757 3110 952 3147 contraria
982 3111 1209 3161 requiritur.
1272 3114 1407 3164 ltaque
1439 3113 1675 3154 scribemus:
1715 3115 1907 3154 Detra-

203 3170 312 3218 Iiar‚
342 3176 384 3209 ut
413 3174 565 3212 condar
594 3176 741 3213 loculis.
