2330 3606
509 152 548 188 H.
578 154 617 188 A.
646 151 780 188 KOCH:
811 152 1108 189 CONIECTANEA
1136 152 1178 188 IN
1208 152 1372 189 POETAS
1401 153 1596 189 LATINUS.
1829 149 1911 191 323

256 269 294 305 2,
315 267 357 305 5,
379 268 440 301 27;
483 264 654 300 Scribam
674 266 804 312 iyitur,
827 267 929 311 quod
947 277 1021 301 non
1043 276 1221 311 amquam
1244 269 1309 301 tua
1330 267 1453 301 deleat
1472 270 1602 302 aetas:

580 332 737 379 Cynthia
755 332 885 379 forma
900 337 1057 379 potens,
1082 332 1243 379 Cynthia
1265 333 1379 369 verba
1400 334 1498 369 levis.

310 420 364 458 De
385 420 607 469 integritate
629 432 766 458 versus
788 424 840 463 27
861 426 904 459 ut
925 420 1101 459 dubitem
1123 420 1176 473 (et
1196 419 1385 458 dubitavit
1404 421 1479 459 iam
1501 419 1698 470 Heinsius)
1721 422 1812 459 facit
1829 422 1909 472 pri-

198 499 318 531 mum,
340 486 444 537 quod
466 486 497 525 G
520 492 558 525 et
577 500 637 538 pr.
661 487 693 526 N
715 487 860 526 habent
880 489 986 536 qaod
1003 499 1221 536 nunquam,
1244 487 1385 526 deinde
1412 489 1582 527 scribam
1607 501 1685 527 non
1715 488 1762 526 ad
1782 490 1911 540 ipsum

199 566 374 598 versum,
409 565 525 604 quem
557 556 714 605 scripsit
743 559 875 606 poeta,
909 555 1076 594 relatum
1105 554 1173 592 sed
1205 554 1251 593 ad
1273 554 1391 593 verba
1412 557 1517 603 qaod
1536 567 1613 594 non
1637 567 1821 603 amquam
1845 562 1912 594 aaa

197 623 327 661 deleat
355 625 464 660 aetas
493 633 573 659 non
604 623 697 660 satis
727 627 860 673 aptum
893 627 969 666 est,
1002 627 1085 660 tum
1114 622 1233 660 verba
1265 628 1332 660 lua
1353 628 1464 661 aetas
1484 635 1561 661 non
1584 622 1788 672 intellego,
1814 635 1911 672 quae

197 690 264 740 qui
299 689 351 728 ita
388 688 732 739 interpretabitur,
781 694 823 728 ut
858 695 1015 740 poetam
1054 700 1197 739 negare
1245 688 1364 733 dicat,
1405 689 1607 741 Cynthiam
1647 690 1834 728 modestia
1875 696 1913 728 et

197 757 400 795 sanctitate
430 768 501 807 per
540 761 661 795 totam
694 758 805 795 vitam
845 757 1044 808 probanda
1084 756 1274 794 maculam
1312 756 1475 807 perfidia
1514 763 1742 807 conceptam
1781 757 1913 795 delere

196 835 331 874 posse,
365 824 400 861 ei
431 823 679 873 cogitandum
713 826 804 868 erit,
846 837 980 863 vocem
1021 829 1131 862 aetas
1168 836 1247 861 non
1286 823 1332 862 ad
1369 836 1501 862 mores
1539 824 1607 863 sed
1638 824 1685 863 ad
1724 826 1913 875 temporis

196 891 363 942 spatium
396 891 614 941 pertinere,
647 897 691 930 ut
723 897 758 935 1,
783 894 819 936 6,
844 894 893 933 21
928 903 1019 929 uam
1051 897 1117 929 lua
1138 903 1213 929 non
1242 898 1353 930 aetas
1374 903 1558 940 amquam
1584 894 1749 930 cessavit
1776 894 1912 939 amori,

196 959 228 996 si
259 957 307 996 de
336 959 422 1009 ipso
461 958 606 1009 spatio,
648 958 753 1007 quod
790 960 890 997 vitae
933 964 1112 1010 tempore
1151 959 1391 1002 continetur,
1434 958 1728 1009 intellegemus,
1769 961 1912 998 mirum

197 1030 274 1070 est,
308 1025 412 1075 quod
442 1030 558 1076 poeta
587 1025 786 1064 infamiam
819 1025 1006 1078 Cynthiae
1038 1026 1119 1064 sola
1152 1027 1225 1064 vita
1258 1027 1341 1064 eius
1373 1027 1672 1065 circumscribit.
1717 1027 1818 1072 Quid
1849 1040 1911 1065 re-

196 1093 395 1142 quiratur,
429 1093 642 1131 ostendunt
678 1092 718 1130 hi
755 1092 831 1131 loci
863 1093 1087 1132 Catulliani:
1130 1097 1201 1138 49,
1233 1096 1286 1136 29
1318 1096 1480 1132 memori
1510 1095 1578 1132 aba·
1605 1096 1764 1146 condeta
1794 1096 1914 1133 corde

194 1161 306 1199 Haec
332 1162 489 1209 taceant
515 1161 706 1199 mandata
736 1172 809 1199 nec
837 1163 920 1199 ulla
952 1162 1143 1200 oblitteret
1177 1166 1306 1208 aclas,
1339 1166 1376 1199 et
1407 1165 1459 1204 52
1475 1193 1483 1204 ,
1516 1165 1568 1206 29
1605 1164 1783 1201 carmine
1810 1174 1913 1211 per-

196 1228 317 1272 lidiae
346 1229 451 1276 qaod
476 1233 565 1276 post
590 1230 700 1267 nulla
732 1234 873 1276 arquet
903 1235 1022 1267 aetas.
1065 1229 1172 1275 Quos
1200 1228 1307 1267 locos
1339 1230 1370 1267 si
1393 1241 1617 1279 sequemur,
1651 1231 1915 1281 posteriorem

199 1307 336 1334 versus
366 1300 515 1346 partem
548 1295 661 1334 facile
691 1297 742 1334 ita
772 1296 1103 1347 reciperabimus:
1137 1297 1242 1344 qaod
1270 1307 1526 1344 numquam
1554 1299 1654 1335 alla
1684 1301 1819 1336 elaat
1843 1310 1918 1336 ae—

199 1368 271 1401 tas.
331 1363 412 1401 Iam
444 1363 586 1401 desunt
616 1363 693 1401 duo
725 1363 875 1401 dimidii
912 1364 1053 1414 pedes,
1094 1375 1193 1413 quos
1230 1365 1284 1402 ita
1316 1364 1548 1409 efficiemus,
1591 1369 1632 1402 ut
1661 1366 1764 1404 inter
1795 1368 1916 1414 iffl'car

200 1435 238 1468 et
267 1431 374 1479 quod
403 1442 495 1469 voce
524 1442 722 1469 carmen
752 1431 962 1469 inserenda
993 1432 1122 1482 ipsum
1154 1430 1321 1469 alterum
1352 1432 1508 1475 vitium,
1549 1432 1651 1481 quod
1684 1434 1913 1482 significavi-

199 1510 307 1542 mus,
346 1497 542 1537 tollamus.
605 1498 820 1549 Scripsisse
850 1499 969 1548 igitur
1009 1504 1123 1549 poeta
1155 1498 1329 1537 videtur:
1370 1498 1550 1537 Scribam
1588 1502 1707 1548 iyitar
1742 1512 1915 1547 carmen,

198 1566 304 1614 quod
332 1577 543 1614 numquam
573 1567 657 1604 ulla
685 1568 792 1604 eluat
821 1572 953 1611 aetas‚·
985 1566 1032 1604 cf.
1067 1571 1112 1610 5,
1146 1571 1190 1610 7,
1222 1570 1273 1609 83
1307 1567 1370 1605 hic
1400 1578 1562 1604 carmen
1594 1569 1724 1606 mecle'a
1755 1570 1916 1616 azynum

198 1645 258 1672 me
277 1634 403 1672 scribe
423 1636 615 1680 calamna,
646 1633 727 1672 Sed
755 1634 868 1672 breve
897 1634 1002 1681 qaod
1027 1645 1195 1672 currens
1218 1639 1346 1672 vector
1371 1635 1421 1672 ab
1448 1635 1543 1672 arbe
1572 1637 1698 1683 lecal:
1729 1636 1820 1675 ‘Hic
1848 1637 1916 1674 Τί-

199 1701 356 1740 bartma
381 1704 482 1740 iacet
504 1712 629 1740 aurea
658 1701 824 1750 Cynthia
859 1708 980 1740 terra.
1041 1702 1212 1740 Accessit
1241 1704 1357 1751 ripae
1394 1704 1501 1748 laus,
1536 1703 1702 1747 Aniene,
1734 1708 1846 1742 laae’
1881 1709 1919 1742 et

199 1773 404 1820 praeterea
435 1772 480 1813 3,
512 1771 584 1813 28,
617 1772 690 1812 43;
725 1772 770 1813 3,
804 1773 876 1814 14,
909 1772 974 1811 26.

255 1875 296 1913 2,
318 1874 358 1912 9,
380 1875 420 1907 17
434 1886 441 1908 ε
487 1872 591 1908 Tunc
611 1873 726 1919 igitar
746 1873 846 1908 veris
864 1873 1054 1919 yauclebat
1076 1872 1239 1908 Graecia
1259 1875 1381 1909 natis:

583 1940 687 1976 Tunc
708 1941 817 1975 etiam
836 1939 936 1986 felix
956 1943 1055 1976 inter
1076 1944 1111 1976 et
1129 1952 1238 1976 arma
1253 1942 1396 1987 pudor.

315 2028 400 2074 Quo
427 2027 542 2066 modo
574 2027 697 2066 altero
735 2030 850 2067 eliam
882 2029 1074 2067 sententia
1111 2029 1234 2073 necti,
1277 2029 1400 2068 altero
1431 2034 1469 2068 et
1506 2031 1562 2068 vis
1599 2031 1639 2068 in
1670 2043 1764 2069 voce
1804 2043 1918 2070 arma

199 2096 327 2147 posita
356 2097 492 2146 augeri
521 2097 665 2146 possit,
698 2096 737 2134 id
769 2096 873 2146 quod
904 2095 1187 2147 Hertzbergius
1219 2096 1352 2141 docet,
1396 2110 1476 2136 non
1506 2097 1711 2148 intellego,
1756 2102 1916 2149 requiro

199 2164 331 2214 potius
363 2163 409 2201 ad
442 2163 663 2214 exemplum
699 2163 775 2202 loci
814 2164 879 2213 qui
917 2163 1060 2214 legitur
1091 2169 1134 2208 4,
1170 2169 1241 2208 11,
1275 2168 1326 2206 46
1361 2164 1562 2213 foedaque
1596 2166 1763 2214 Tarpeio
1797 2180 1918 2205 cono-

198 2233 268 2279 pia
294 2231 453 2269 tendere
477 2242 589 2278 saxo,
620 2231 723 2270 Iara
749 2233 848 2270 dare
877 2237 914 2270 et
942 2236 1093 2270 statuas
1123 2234 1223 2270 inter
1252 2237 1290 2270 et
1318 2243 1432 2270 arma
1461 2233 1590 2279 Mari,
1624 2234 1727 2283 quod
1761 2247 1852 2273 voce
1883 2241 1920 2273 ec

202 2310 291 2336 cum
321 2300 444 2337 armis
473 2300 744 2349 coniungatur.
806 2298 941 2349 Itaque
980 2299 1233 2338 scribendum
1273 2304 1350 2338 est:
1391 2299 1500 2339 Tunc
1536 2303 1653 2339 etlam
1691 2304 1737 2340 in
1770 2303 1918 2341 bellis

201 2367 303 2404 inter
331 2371 367 2404 et
395 2377 511 2404 arma
535 2367 682 2415 pudor.

258 2472 288 2510 3,
310 2471 365 2510 29,
386 2471 448 2504 41:
481 2468 543 2505 Sic
564 2479 629 2516 e90
651 2474 727 2506 tam
747 2472 872 2506 sancti
890 2471 1043 2506 custode
1065 2472 1244 2507 recludor
1264 2473 1426 2514 amoris,

583 2537 649 2572 Ex
666 2539 729 2573 illo
747 2537 847 2584 felix
866 2549 946 2574 noa:
966 2539 1057 2574 mihi
1075 2540 1180 2574 nulla
1198 2538 1288 2585 fait.

314 2624 369 2663 Ita
401 2624 444 2662 G.
487 2625 645 2663 custode
672 2626 835 2664 reludor
865 2625 917 2670 N,
957 2627 997 2664 in
1036 2626 1177 2676 quibus
1217 2626 1396 2665 codicum
1435 2626 1613 2678 apicibus
1651 2633 1733 2666 arte
1771 2629 1918 2679 pressis

202 2691 315 2731 latet:
349 2691 415 2730 Sic
438 2702 508 2740 eqo
533 2697 610 2730 lam
632 2694 761 2730 sancti
778 2694 1023 2731 excludor
1047 2696 1340 2742 speculator
1359 2697 1515 2733 amoris.
1559 2694 1788 2746 Speculator
1811 2708 1915 2733 amo-

204 2760 257 2797 ris
288 2758 350 2797 hic
382 2763 440 2798 est
471 2760 537 2808 qui
567 2771 600 2797 v.
635 2762 684 2802 31
718 2764 878 2799 vocatur
914 2763 1136 2809 speculator
1172 2764 1333 2801 amicae.
1383 2761 1675 2801 Excludebatur
1713 2768 1842 2800 autem
1875 2775 1917 2800 re

206 2839 294 2866 vera
324 2831 457 2878 poeta,
491 2838 607 2877 quem
639 2827 761 2864 amica
793 2831 879 2866 toro
910 2840 988 2866 non
1020 2829 1230 2879 exciperet.

261 2943 293 2981 3,
314 2944 368 2981 24,
390 2944 450 2976 45;
482 2941 565 2976 Iam
588 2941 655 2976 tibi
674 2940 829 2976 Iasonia
851 2945 939 2977 nota
960 2947 1015 2977 est
1036 2942 1171 2979 Medea
1193 2945 1340 2988 carina,

584 3008 635 3044 Et
654 3009 760 3044 modo
780 3013 929 3044 servato
950 3010 1032 3045 sola
1052 3011 1187 3047 relicta
1208 3013 1300 3047 viro.

318 3095 626 3134 Infelicissimam
658 3095 799 3134 horum
820 3108 1024 3141 versuum,
1058 3097 1199 3147 quihus
1220 3097 1493 3138 Lachmannus
1513 3099 1728 3149 ineptiores
1750 3112 1791 3137 se
1814 3099 1913 3151 apud

208 3161 456 3214 Propertium
486 3175 564 3201 non
595 3163 736 3213 legisse
767 3163 929 3208 fatetur,
961 3165 1326 3216 interpretationem
1359 3167 1587 3216 excogitavit
1615 3166 1911 3217 Hertzhergius:

1557 3237 1604 3275 21
1627 3235 1649 3258 ²⁵⁶
