2330 3606
380 132 461 174 328
693 137 733 173 H.
765 138 803 172 A.
836 136 969 172 KOCH:
1002 136 1299 172 CONIECTANEA
1330 137 1372 173 IN
1402 137 1569 175 POETAS
1599 138 1794 174 LATINUS.

380 251 589 286 etiamnum
612 248 770 295 frissore
798 259 902 285 saxa
924 248 1140 297 Rumperet
1166 253 1202 286 et
1219 249 1350 297 qlacie
1368 260 1509 287 cursus
1529 248 1715 296 frenaret
1732 260 1941 298 aquarum.
1985 250 2097 288 Simi-

380 317 469 354 liter
501 321 537 360 5,
573 320 636 361 11,
671 319 723 358 30
756 315 880 363 Afra,
912 315 980 354 uhi
1011 315 1077 355 GR
1108 316 1231 362 Aera,
1264 316 1293 355 P
1325 317 1429 355 Vera
1460 316 1588 362 habet,
1622 322 1851 368 corruptum
1885 322 1962 361 est;
1997 316 2100 368 apud

383 383 574 422 Catullum
615 387 686 427 35,
731 386 783 425 30
823 383 927 433 quod
966 383 1167 422 Parisinus
1207 383 1324 423 habet
1361 386 1483 424 erteet'
1517 384 1702 424 Heinsius
1740 389 1848 424 recte
1885 386 1925 424 in
1968 384 2104 432 Africi

383 452 553 490 mutavit.

439 568 478 609 5,
501 569 539 606 4,
562 568 623 601 83:
655 566 767 602 Mons
788 570 872 601 erat
893 576 1053 602 ascensu
1073 567 1207 603 dubius
1225 566 1399 614 festoque
1421 568 1625 603 remissas.-

765 635 842 670 Nec
862 646 983 675 mora,
1004 636 1151 671 vocales
1172 641 1333 681 occupat
1353 646 1441 671 ense
1462 646 1589 671 canes.

660 702 791 738 Omnia
807 703 1044 749 praebebant
1063 713 1228 745 somnos,
1252 704 1320 738 sed
1338 703 1514 749 Iuppiter
1535 713 1635 738 unas

763 771 939 807 Decrevit
955 772 1088 817 poenis
1110 772 1308 818 inviyitare
1330 773 1415 807 tuis,

499 857 738 897 Lachmanni
770 859 955 898 iudicium
988 864 1078 910 post
1108 863 1263 898 veteres
1296 859 1465 898 editores
1504 861 1543 897 in
1584 860 1783 898 enuntiato
1822 862 1952 898 omnia
1974 872 2105 909 prae-

384 927 524 964 bebant
552 937 703 965 somnos
734 927 934 966 haerentis
972 940 1051 966 non
1089 932 1196 966 recte
1242 927 1501 978 neglexerunt
1532 927 1696 966 Iacobus
1735 932 1773 965 et
1809 926 2102 978 Hertzbergius.

383 995 462 1032 Nec
495 995 598 1032 enim
629 996 761 1032 onznia
791 994 850 1032 vel
882 994 928 1033 ad
959 1000 1132 1034 montem
1164 996 1263 1034 festo
1302 996 1512 1034 remissum
1543 995 1603 1033 vel
1635 995 1681 1034 ad
1714 1007 1829 1034 canes
1863 1007 1956 1033 ense
1988 1007 2103 1034 oceu-

383 1065 517 1112 patos,
568 1073 667 1112 quae
711 1063 889 1113 proxima
934 1066 1046 1107 sunt,
1086 1064 1161 1102 nisi
1199 1064 1443 1114 ineptissime
1482 1063 1726 1106 referentur,
1770 1075 1843 1101 nec
1880 1064 1942 1101 cui
1979 1064 2106 1102 somni

383 1129 551 1179 praebiti
581 1129 660 1167 sint
692 1130 898 1169 indicatur.
945 1130 1020 1168 Sed
1050 1143 1099 1169 ne
1121 1130 1337 1170 Marklandi
1369 1131 1526 1181 quidem
1558 1130 1783 1168 coniectura
1821 1132 1952 1168 omnia
1976 1142 2106 1179 prae—

385 1197 524 1235 bebant
548 1199 675 1234 somni
702 1198 794 1236 satis
824 1197 972 1249 plac-et,
1012 1199 1052 1236 in
1085 1209 1159 1248 qua
1190 1199 1248 1237 vel
1288 1199 1425 1238 similis
1464 1203 1581 1248 atque
1613 1198 1794 1248 superior
1831 1199 1938 1237 vocis
1977 1200 2106 1236 omnia

385 1264 523 1302 relatio
564 1265 754 1304 efficiatur
791 1265 851 1303 vel
887 1266 1059 1317 ineptior
1098 1267 1213 1305 etiam
1253 1268 1458 1318 oppositio,
1521 1267 1694 1316 Apparet
1730 1266 1861 1316 potius
1898 1268 2028 1304 omnia
2069 1270 2108 1304 et

384 1334 514 1371 Iovem
547 1344 663 1371 unum
694 1334 797 1371 inter
828 1345 869 1371 se
900 1334 1060 1378 referri,
1094 1346 1167 1372 nec
1198 1339 1329 1385 potest
1359 1333 1462 1373 aliud
1493 1338 1608 1384 poeta
1640 1333 1784 1371 dixisse
1815 1346 1931 1384 quam
1953 1338 2106 1372 ceteros

386 1414 523 1440 omnes
555 1413 692 1439 somno
725 1413 937 1452 oppressos
969 1402 1110 1446 fuisse,
1144 1402 1276 1440 Iovem
1311 1414 1433 1440 unum
1463 1401 1653 1451 vigssasse.
1700 1400 1833 1450 ltaque
1865 1401 2104 1440 scribemus:

389 1469 526 1507 Omnia
566 1470 830 1517 torpebant
867 1469 1048 1523 somJnoe
1092 1470 1140 1508 cf.
1183 1470 1294 1508 Statii
1340 1468 1423 1507 silv.
1465 1472 1510 1513 3,
1544 1472 1587 1513 2,
1622 1472 1674 1512 73
1718 1473 1808 1508 ante
1844 1473 1951 1508 rates
1991 1471 2108 1518 piqro

386 1538 592 1586 torpebant
620 1548 794 1585 aequora
821 1548 966 1576 somno.

443 1655 482 1692 5,
505 1657 543 1693 8,
567 1656 629 1688 77:
666 1652 768 1688 Colla
788 1663 878 1689 cave
899 1654 1072 1699 inflectas
1093 1654 1144 1688 ad
1163 1663 1349 1688 summum
1372 1653 1520 1698 obliqua
1543 1652 1736 1703 theatrum

772 1721 845 1756 Aut
865 1722 999 1756 lectica
1021 1725 1108 1756 tuae
1129 1721 1227 1757 sidat
1250 1725 1386 1767 aperta
1408 1731 1548 1756 morae.

500 1808 553 1846 Ita
586 1808 802 1847 I'almerius
835 1810 1020 1853 coniecit3
1053 1810 1154 1847 salet
1181 1809 1232 1853 N,
1265 1810 1378 1847 sudet
1406 1808 1484 1847 GR.
1530 1807 1791 1846 Scribendum
1814 1814 1892 1847 est:
1927 1809 2006 1847 Aut
2028 1810 2110 1847 lec—

388 1879 464 1913 lica
495 1883 584 1914 teme
614 1877 767 1915 nudet
795 1884 970 1925 operta
1001 1887 1147 1915 morae.
1197 1877 1420 1915 Cavendum
1453 1880 1536 1915 erat
1566 1875 1740 1927 puellae,
1774 1888 1822 1914 ne
1844 1881 1982 1927 poetae
2004 1889 2108 1915 com-

391 1945 558 1983 moranti
590 1944 724 1983 lectica
757 1946 998 1995 aperiretur,
1033 1950 1075 1983 ut
1105 1946 1367 1995 introspicere
1405 1948 1550 1995 posset.
1614 1944 1759 1995 Operta
1799 1956 1843 1983 ea
1882 1949 1973 1983 sunt
2011 1957 2111 1995 quae

390 2014 488 2050 intra
524 2012 768 2055 conduntur,
811 2018 852 2051 ut
882 2012 985 2063 apud
1016 2014 1129 2063 Verg.
1164 2013 1258 2051 Aen.
1294 2016 1337 2056 6,
1373 2015 1452 2054 140
1491 2013 1563 2050 sed
1591 2023 1667 2050 non
1693 2017 1784 2050 ante
1815 2012 1934 2050 datur
1963 2014 2113 2051 telluris

388 2086 526 2129 operta
556 2082 697 2119 subire.
758 2080 878 2119 Paulo
910 2085 1000 2131 post
1030 2080 1173 2131 legitur
1206 2092 1237 2118 v.
1273 2083 1342 2123 87:

686 2184 808 2231 Atque
829 2185 881 2220 ita
903 2188 1044 2220 mutato
1060 2194 1136 2230 per
1156 2185 1307 2231 sinyala
1322 2184 1446 2230 pallia
1467 2185 1561 2220 lecto

744 2252 956 2298 Respondi,
978 2257 1013 2288 et
1034 2256 1108 2288 toto
1129 2253 1305 2288 solvimus
1325 2263 1434 2287 arma
1456 2256 1548 2287 toro.

504 2351 709 2400 Respondi
737 2352 832 2390 ferri
863 2364 941 2390 non
972 2363 1089 2403 posse
1120 2356 1285 2402 propter
1327 2363 1369 2390 ea
1402 2363 1501 2402 quae
1538 2350 1781 2401 praecedunt
1811 2362 1844 2389 v,
1876 2354 1925 2394 81
1968 2351 2115 2389 indixit

392 2421 506 2466 leqes,
540 2420 729 2468 respondi
750 2430 820 2466 eqo
851 2419 1016 2467 ‘leqz'bas
1046 2423 1165 2465 atarss
1198 2419 1345 2457 dudum
1376 2418 1622 2456 intellectum
1654 2422 1724 2456 est.
1778 2418 1945 2469 Scripsit
1973 2423 2108 2470 poeta:

394 2488 623 2530 Ascende',
662 2492 698 2525 et
736 2492 809 2524 toto
836 2488 1016 2525 solvimus
1048 2498 1165 2525 arma
1192 2493 1295 2531 toro,
1330 2487 1376 2524 cs.
1412 2486 1459 2524 de
1490 2486 1624 2524 Fauno
1657 2485 1874 2537 Omphalen
1906 2487 2113 2537 temptanti

394 2554 518 2592 Ovidii
550 2555 635 2593 fast.
671 2557 714 2597 2,
749 2558 828 2597 345
869 2556 1047 2593 ascendit
1085 2555 1315 2604 spondaque
1354 2554 1428 2591 st‘bt'
1458 2555 1648 2602 propiore
1679 2554 1890 2601 recumbit,
1922 2554 2037 2606 Prop.
2072 2559 2109 2598 5,

394 2626 438 2667 4,
471 2626 523 2665 90
562 2623 678 2669 nabe,
710 2624 784 2669 aa,
817 2629 854 2660 et
889 2624 1005 2670 reyne‘
1031 2623 1179 2660 scande
1214 2622 1338 2660 cubile
1368 2622 1461 2667 mei,
1503 2621 1615 2659 Statii
1645 2620 1768 2660 Theb.
1803 2626 1847 2665 1,
1879 2624 1959 2664 232
1990 2632 2112 2660 scan-

395 2691 489 2728 dere
516 2691 607 2738 qm'n
639 2692 755 2728 ettam
787 2690 980 2728 tltalamos
1010 2690 1072 2728 ltt'c
1102 2692 1244 2738 impius
1274 2690 1387 2727 neres
1413 2689 1545 2727 Patris·
1568 2718 1577 2727 .
1608 2720 1616 2728 .
1644 2719 1651 2727 .
1684 2689 1868 2738 Appetiit.

450 2807 491 2845 5,
513 2808 551 2845 9,
574 2808 634 2840 35:
667 2805 799 2842 Fontis
819 2815 931 2852 eyens
951 2815 1040 2840 erro
1061 2806 1241 2851 circaque
1261 2806 1437 2840 sonantia
1458 2805 1631 2851 lymphis.

509 2893 563 2932 De
586 2894 810 2944 integritate
832 2892 1045 2931 verborum
1065 2894 1247 2931 sonantia
1272 2893 1440 2942 lymphis
1461 2905 1549 2931 cum
1572 2891 1740 2931 dubitari
1761 2895 1942 2941 nequeat,
1966 2891 2110 2931 frustra

397 2960 620 2999 defenditur
658 2964 856 3009 ce'reaqae.
918 2959 1028 3006 Quod
1069 2961 1172 2999 enim
1212 2960 1492 3010 llertzhergius
1532 2959 1644 3003 dicit,
1688 2959 1907 2997 accuratius
1945 2958 2109 3003 definiri,

399 3040 475 3077 quo
511 3028 624 3066 modo
658 3028 846 3067 Hercules
879 3029 1088 3072 erraverit,
1132 3029 1274 3066 erravit
1304 3028 1369 3066 ille
1403 3027 1558 3078 quidem
1591 3026 1654 3065 siti
1693 3038 1906 3078 oppressus
1944 3026 2111 3076 ideoque

398 3095 515 3133 fontis
546 3096 795 3134 nanciscendi
827 3096 977 3140 avidus,
1011 3097 1115 3134 circa
1153 3096 1282 3134 sontes
1313 3108 1392 3134 non
1432 3096 1587 3134 erravit.
1649 3094 1771 3133 Immo
1808 3095 1890 3145 ipsa
1930 3094 1969 3132 in
2007 3094 2111 3133 sitim

401 3167 438 3199 et
469 3162 677 3202 sollicitum
709 3176 898 3213 aquarum
931 3163 1102 3202 studium
1137 3168 1177 3201 ut
1206 3162 1338 3202 verbis
1364 3163 1490 3210 sontis
1514 3174 1632 3211 essens
1659 3173 1750 3201 erro
1779 3162 1832 3200 ita
1862 3160 1922 3200 his
1953 3172 2111 3211 quoque
