2330 3606
372 151 480 187 GVIL.
513 151 775 186 STEINHART:
806 150 856 186 DE
887 150 1041 186 LVCANI
1072 150 1219 186 CODICE
1250 149 1657 187 MONTEPESSVLANO.
1791 147 1870 187 291

167 264 296 313 potius
315 261 524 300 Haeduum
554 260 601 299 ab
622 260 793 299 Haeduis
824 262 1136 312 cognominatam
1167 261 1287 299 fuisse
1319 265 1480 299 constat.
1524 261 1647 307 Quem
1675 262 1714 299 in
1744 260 1873 299 locum

167 334 302 380 postea
332 328 431 367 liber
462 329 512 367 sit
541 332 759 373 trauectus,
794 341 839 367 ex
870 329 931 367 his
961 330 1129 367 fortasse
1160 329 1343 378 cognosci
1372 333 1520 379 potest,
1561 341 1659 380 quae
1697 329 1736 367 in
1774 329 1873 367 infe-

166 398 272 435 riore
303 395 476 435 eiusdem
506 396 669 447 paginae
699 400 831 446 parte,
864 398 975 435 cuius
1006 395 1187 446 superior
1224 407 1314 446 pars
1346 397 1451 434 iuxta
1481 395 1632 434 litteras
1671 395 1756 434 illas
1795 396 1874 434 uita

167 464 403 503 Suetoniana
451 467 489 501 et
526 467 756 513 argumento
794 462 884 502 libri
920 464 1038 515 primi
1076 462 1276 514 expletur,
1314 464 1537 501 recentiore
1575 476 1692 502 manu
1731 464 1875 514 scripta

165 531 369 582 leguntur:
403 541 508 568 mmo
527 531 575 568 ab
595 529 833 569 incarnacoe
854 527 926 570 chii
955 520 1046 571 Οῗῡ-
1062 518 1282 569 C30·XV}·
1309 535 1467 579 capium
1495 531 1578 577 suit
1599 532 1873 570 molendinum.

166 599 274 638 Vnde
306 611 393 637 cum
423 599 508 649 ipse
538 597 634 636 nihil
665 598 820 637 efficere
850 600 1084 650 potuissem,
1118 598 1279 638 Carolus
1312 597 1534 637 Fridericus
1566 597 1778 643 Weberus,
1814 599 1876 637 cui

166 666 269 718 quod
302 667 463 705 eximiae
497 677 587 716 erga
618 678 680 705 me
718 665 1017 705 beneuolentiae
1055 667 1197 717 gratias
1235 667 1327 705 uiuo
1365 666 1516 704 referre
1554 679 1633 704 non
1671 667 1747 704 iam
1786 665 1877 704 licet

165 746 403 785 magnopere
434 733 566 778 doleo,
607 746 670 772 me
709 735 860 771 monuit
897 735 936 772 in
966 734 1157 773 Friderici
1187 734 1221 772 II
1253 732 1415 771 historia
1447 733 1693 784 diplomatica
1733 733 1791 771 ed.
1825 733 1872 771 de

166 802 320 854 Luynes
351 802 446 840 tomi
476 801 492 839 Ι
522 814 558 852 p.
593 801 606 839 I
636 814 673 852 p.
709 805 789 842 444
820 800 916 839 haec
946 801 1042 851 legi:
1076 813 1180 840 anno
1215 806 1311 839 1216
1343 831 1350 839 .
1384 831 1392 838 .
1423 836 1431 843 ,
1463 802 1694 840 Fridericus
1724 801 1877 839 Roma-

164 880 303 908 norum
332 881 408 908 rex
435 871 639 907 ecclesiam
671 869 719 906 de
758 869 957 916 Waclefsoz
989 868 1116 920 (hodie
1155 869 1435 916 Walclqassen,
1467 881 1591 920 prope
1623 868 1875 907 Saraludoui-

166 935 266 986 cum)
290 939 497 984 confirmat
520 938 559 974 in
581 938 821 985 possessione
841 937 1046 975 eujusdam
1068 938 1282 975 molende'm'
1303 938 1342 974 in
1362 938 1476 975 curia
1498 936 1729 984 Bmyalben
1749 947 1878 984 prope

164 1006 328 1043 Lutram
358 1003 708 1055 (Kaiserslautern)
744 1016 774 1042 6.
811 1015 847 1053 q.
882 1016 935 1047 s.;
978 1016 997 1042 6
1036 1004 1177 1054 quibus
1218 1008 1347 1042 tamen
1387 1005 1619 1043 testimoniis
1657 1005 1877 1042 coniunctis

164 1085 258 1111 num
289 1072 337 1111 de
367 1072 471 1117 loco,
505 1083 581 1121 quo
614 1071 737 1110 codex
766 1071 832 1109 illo
865 1076 1041 1122 tempore
1072 1072 1210 1116 fuerit,
1244 1077 1348 1111 certa
1381 1073 1605 1111 coniectura
1634 1072 1718 1110 fieri
1739 1072 1874 1122 possit,

165 1153 244 1178 non
274 1141 396 1190 magis
428 1140 557 1179 dicere
588 1152 748 1191 possum
782 1150 897 1188 quam
929 1151 1006 1189 quo
1040 1140 1155 1178 modo
1186 1145 1322 1191 postea
1352 1140 1391 1177 in
1423 1138 1584 1178 Buherii
1615 1151 1754 1178 manus
1784 1152 1875 1190 per-

166 1208 319 1247 uenerit
349 1207 537 1247 diuinare.

276 1276 330 1314 Eo
363 1277 508 1314 certius
539 1280 668 1314 autem
700 1275 803 1313 unde
835 1273 934 1312 liber
966 1276 1156 1325 originem
1188 1275 1363 1319 duxerit,
1397 1274 1472 1313 dici
1502 1279 1643 1325 potest.
1708 1275 1790 1320 Qua
1831 1274 1878 1312 de

165 1355 209 1382 re
240 1343 428 1382 docemur
459 1344 660 1382 notissima
690 1342 755 1380 illa
786 1341 1098 1393 subscriptione,
1133 1354 1249 1392 quam
1282 1342 1417 1380 eodem
1451 1344 1533 1381 sere
1564 1342 1680 1381 modo
1704 1343 1818 1380 etiam
1840 1343 1879 1380 in

167 1410 290 1450 tribus
320 1410 403 1450 aliis
435 1410 632 1449 codicibus
664 1409 741 1460 legi
771 1410 918 1448 dudum
951 1409 1204 1449 obseruatum
1237 1414 1306 1449 est.
1360 1410 1466 1456 Quae
1498 1410 1735 1462 subscriptio
1767 1411 1804 1448 in
1836 1410 1886 1448 M

164 1484 254 1530 post
283 1480 399 1518 finem
429 1478 516 1517 libri
550 1478 651 1516 VIIII
682 1477 755 1516 hoc
785 1477 902 1516 modo
933 1477 1094 1528 legitur:

231 1573 413 1631 pAulus
454 1585 552 1616 6οΝ
590 1572 1053 1630 τΑῐίῐιΝοροῐιτΑΝυε
1094 1571 1282 1616 60301101
1324 1584 1607 1616 01ΑΝο016Α
1642 1571 1782 1615 solos

300 1642 521 1684 mammen
562 1640 732 1684 lucano
769 1635 833 1683 ’ab
875 1651 968 1695 om)
1009 1640 1143 1699 exple
1279 1635 1422 1699 druco
1529 1635 1588 1683 ub
1626 1652 1670 1683 x·

232 1704 423 1760 Lecefin
466 1721 566 1752 υιτΑ
603 1720 649 1752 et
683 1713 788 1767 1)κᾶ
830 1720 1025 1765 fectum«

235 1772 472 1835 Semproni
515 1789 616 1820 υιῑΑ
653 1789 698 1819 et
737 1788 945 1833 fotrum»,

167 1888 284 1926 Cuius
323 1886 622 1937 subscriptionis
661 1884 848 1935 reliquiae
885 1885 1141 1922 inueniuntur
1178 1889 1383 1934 praeterea
1426 1885 1465 1923 in
1502 1883 1645 1922 sinibus
1683 1884 1875 1923 librorum

167 1955 181 1993 Ι
220 1954 304 1993 VIII
342 1954 394 1998 X,
442 1955 493 1992 ita
541 1957 582 1991 ut
627 1954 666 1990 in
703 1953 830 2002 primo
876 1951 976 1990 libro
1022 1952 1170 1990 Paulus
1209 1974 1253 1979 —
1297 1954 1398 1990 solus
1443 1951 1575 1989 uerbis
1620 1952 1773 1990 omissis
1812 1965 1873 1991 re-

165 2022 265 2060 licua
296 2022 462 2071 margini
492 2025 641 2059 tantum
673 2019 864 2069 adscripta
897 2020 991 2063 sint,
1025 2032 1123 2070 quae
1154 2019 1275 2057 uerba
1307 2032 1446 2058 rursus
1475 2020 1515 2057 in
1546 2023 1683 2058 octauo
1705 2019 1805 2058 libro
1837 2021 1876 2058 in

167 2089 303 2128 ordine
343 2101 528 2127 uersuum
573 2088 829 2130 exhibentur,
871 2086 1029 2125 relicuis
1068 2092 1203 2125 contra
1243 2088 1407 2137 margini
1447 2087 1675 2138 adscriptis:
1721 2088 1760 2125 111
1800 2088 1875 2125 fine

167 2157 335 2207 denique
357 2156 445 2195 libri
467 2156 499 2194 X
522 2157 649 2194 01111113
673 2160 714 2194 ut
742 2156 779 2192 in
804 2166 907 2192 nono
941 2159 1094 2193 exarata
1127 2159 1236 2199 sunt,
1269 2155 1345 2193 nisi
1378 2155 1479 2204 quod
1513 2159 1602 2205 post
1636 2148 1874 2213 Semproni

169 2237 335 2264 uacuum
367 2229 426 2262 est
457 2225 644 2274 spatium,
680 2233 781 2265 υιῖΑ
813 2234 909 2261 11066
941 2224 1095 2261 omissa.

278 2292 322 2331 In
353 2291 423 2330 1136
454 2299 583 2330 autem
615 2291 902 2343 subscriptione
934 2290 1255 2329 commorandum
1288 2303 1373 2328 csse
1398 2290 1524 2328 uideo.
1573 2291 1655 2336 Qua
1678 2304 1766 2329 cum
1789 2303 1873 2330 cer-

168 2361 315 2399 tissime
345 2359 431 2398 illos
461 2364 542 2397 tres
574 2359 745 2403 codices,
779 2360 1009 2397 Vossianum
1040 2358 1204 2396 alterum
1239 2357 1337 2409 [BL
1372 2357 1652 2403 Colbertinum,
1689 2357 1875 2397 Cassella-

168 2440 261 2466 num
292 2440 379 2466 cum
410 2426 751 2477 Montepessulano
783 2440 829 2465 ex
862 2426 998 2465 eodem
1028 2426 1129 2464 libro
1168 2439 1187 2464 a
1218 2425 1337 2464 Paulo
1369 2425 1518 2463 scilicet
1548 2426 1754 2464 emendato
1797 2427 1873 2465 ori--

167 2496 296 2545 ginem
328 2495 484 2533 duxisse
516 2499 720 2545 appareat,
755 2494 1023 2545 quaerendum
1046 2497 1134 2531 ante
1157 2494 1285 2531 omnia
1308 2497 1383 2537 est,
1417 2505 1516 2543 quac
1538 2495 1636 2531 ratio
1658 2493 1876 2531 intercedat

167 2563 271 2601 inter
313 2561 481 2601 relicuos
526 2562 680 2600 codices
722 2567 759 2601 et
800 2562 898 2601 113116
937 2562 1209 2600 recensionem
1249 2559 1470 2605 Paulinam,
1516 2565 1560 2599 ut
1606 2562 1741 2612 quanti
1779 2561 1876 2599 haec

168 2631 345 2669 recensio
377 2629 613 2667 aestimanda
646 2631 696 2667 sit
724 2630 983 2680 intellegatur.

279 2698 416 2737 Differt
445 2700 593 2740 autem,
627 2702 669 2735 ut
697 2697 773 2735 iam
805 2697 896 2736 olim
927 2709 947 2735 a
977 2708 1040 2734 me
1070 2696 1261 2734 monitum
1294 2700 1352 2734 est
1384 2700 1421 2734 ct
1450 2697 1578 2747 primo
1610 2697 1774 2747 quisquc
1805 2695 1872 2733 ob-

168 2770 255 2804 tutu
285 2766 411 2809 uidet,
453 2765 619 2802 maxime
658 2763 907 2802 multitudine
948 2776 1137 2802 uersuum
1175 2776 1195 2802 a
1231 2765 1369 2814 primis
1406 2763 1587 2802 manibus
1625 2765 1871 2806 omissorum,

170 2844 338 2883 quorum
370 2832 478 2881 origo
510 2831 622 2870 ualde
656 2836 714 2869 cst
744 2836 947 2882 suspecta:
987 2830 1118 2869 nullus
1156 2830 1321 2869 aliorum
1358 2830 1551 2869 librorum
1589 2834 1694 2868 tanto
1733 2829 1871 2867 horum

169 2912 357 2939 uersuum
392 2911 556 2937 numero
594 2903 712 2937 caret.
776 2898 924 2944 Quibus
965 2898 1013 2935 de
1045 2897 1224 2936 uersibus
1254 2899 1338 2949 ipse
1370 2898 1480 2943 olim,
1515 2911 1604 2936 cum
1635 2902 1795 2936 auctore
1827 2909 1872 2935 60

170 2968 276 3012 uiro,
322 2967 432 3005 cuius
478 2967 657 3016 egregiae
703 2965 930 3017 disciplinae
970 2970 1012 3003 ut
1050 2965 1435 3015 quantulamcunque
1479 2966 1642 3015 gratiam
1682 2966 1873 3003 referrem

170 3032 240 3072 has
276 3035 380 3084 ipsas
418 3033 590 3084 pagellas
622 3034 857 3084 conscripsi,
898 3032 945 3070 (16
976 3033 1255 3072 Vossianorum
1294 3034 1309 3072 I
1341 3038 1379 3072 et
1408 3033 1441 3071 II
1472 3032 1612 3070 Leidae
1650 3045 1670 3070 a
1709 3044 1770 3070 me
1806 3044 1870 3070 ex-

172 3113 376 3139 cussorum
415 3113 489 3139 usu
528 3100 792 3151 disputabam,
826 3112 924 3151 quae
964 3099 1058 3137 mihi
1096 3100 1325 3139 uiderentur
1364 3101 1544 3151 exposui:
1593 3099 1660 3137 sed
1703 3112 1790 3138 cum
1830 3112 1872 3138 ea

172 3179 270 3218 quae
301 3168 349 3207 de
369 3169 417 3207 M
434 3168 595 3208 dicenda
619 3173 729 3207 erant
760 3180 807 3205 ex
839 3166 1004 3205 exilibus
1037 3172 1185 3206 tantum
1208 3167 1385 3206 Doruillii
1417 3168 1610 3217 excerptis
1641 3166 1870 3211 hausissem,

1515 3238 1564 3277 19
1584 3234 1605 3258 ⁵⁵³
