2330 3606
515 140 555 176 H.
587 141 627 176 A.
660 140 794 176 KOCH:
827 139 1123 176 CONIECTANEA
1153 137 1195 174 IN
1224 138 1392 174 POETAS
1421 137 1618 174 LATINOS.
1839 132 1920 174 343

214 253 417 304 perfusum
449 263 534 290 esse
564 251 780 294 indicetur,
813 249 1044 289 miraculum
1068 253 1300 287 extenuatur
1329 249 1460 300 potius
1484 261 1600 300 quam
1633 253 1811 299 augetur.
1856 249 1919 288 In-

215 320 362 359 tellexit
391 318 657 358 difficultatem
678 318 941 362 Burmannus,
971 318 1037 367 qui
1068 316 1233 355 coniecit
1263 320 1342 354 tam
1369 318 1518 363 veteris,
1542 316 1609 354 sed
1640 328 1719 355 non
1751 315 1919 360 sustulit,

215 388 397 437 quoniam
429 398 505 436 quo
539 386 727 424 vetustior
759 389 818 423 est
849 396 964 429 vena,
1005 396 1049 422 eo
1080 382 1232 422 facilius
1262 383 1448 434 paulatim
1480 395 1569 422 arva
1601 396 1685 422 eam
1715 384 1921 435 percipere

211 459 390 506 possunt.
451 454 587 503 Itaque
618 452 869 492 scribe-ndum
910 456 986 490 est:
1028 451 1141 490 Nunc
1178 461 1327 499 quoque
1365 453 1444 488 tam
1480 455 1606 489 vetere
1641 453 1921 500 intercepto

211 524 355 560 semine
381 532 513 559 venae.
563 521 696 571 Ipsum
728 532 861 558 semen
894 519 1051 569 quidem
1082 522 1273 556 vetustate
1296 519 1558 569 interceptum
1591 523 1686 563 erat,
1719 518 1787 557 sed
1817 523 1920 558 tanta

213 591 296 628 eius
327 590 382 627 vis
412 589 504 633 fuit,
537 593 580 627 ut
610 587 730 626 nihilo
762 588 891 625 111111115
922 598 1060 625 aurum
1091 590 1181 636 post
1209 590 1267 624 tot
1297 598 1420 624 3111105
1452 586 1661 625 sufficeret.

270 703 349 739 Met.
374 706 436 744 1⁶2,
457 705 540 737 487:
573 703 693 749 Plaqa
712 701 809 748 facil
828 702 987 747 {sentitus
1007 710 1074 736 ceu
1096 710 1256 746 corpore
1278 702 1480 736 marmoris
1499 702 1570 736 icti.

322 791 393 830 Hie
422 791 594 841 primum
625 791 803 841 eorporis
835 790 1035 827 notionem
1068 800 1155 827 611111
1187 800 1384 826 marmore
1416 790 1663 828 coniunctam
1703 795 1740 828 et
1775 802 1847 840 per
1878 803 1919 828 se

210 858 378 909 exempli
410 858 661 897 similitudine
692 856 849 895 defendi
869 868 970 906 nego
993 861 1030 894 et
1052 855 1337 905 qualecumque
1370 857 1453 895 eius
1484 856 1588 894 modi
1613 856 1919 896 additamentum

209 938 283 964 usu
314 925 500 964 Ovidiano
532 926 667 976 respui
696 924 846 963 indices
869 923 1011 962 docere
1031 928 1217 974 possunt;
1252 923 1391 961 deindo
1422 923 1481 961 vel
1514 925 1568 962 sic
1597 924 1805 962 dicendum
1838 930 1921 963 erat

208 997 273 1032 aut
304 995 388 1040 ica),
421 997 463 1031 ut
493 993 649 1042 qnidam
681 993 944 1043 scripserunt,
985 995 1051 1029 aut
1088 993 1127 1029 771
1158 1002 1335 1039 corpore.
1395 992 1565 1043 Apparet
1605 1004 1689 1030 eam
1720 993 1919 1031 notionem

207 1061 467 1098 neeessariam
500 1072 597 1103 esse,
629 1071 729 1109 quae
758 1059 894 1111 plagae
924 1058 1172 1109 respondeat,
1205 1070 1321 1108 quam
1346 1059 1559 1098 efficiemus
1590 1058 1816 1098 scribendo:
1848 1072 1920 1099 ceu

207 1129 415 1167 verbera
457 1130 665 1166 marmoris
705 1129 783 1165 icti.
850 1127 1012 1165 verbera
1059 1139 1138 1164 non
1174 1131 1327 1166 tantum
1373 1127 1420 1165 de
1458 1126 1619 1165 funibus
1658 1127 1719 1165 vel
1756 1127 1918 1178 flagellis

207 1197 391 1247 usurpari
429 1195 497 1234 sed
535 1196 650 1234 etiam
689 1194 736 1232 de
773 1194 892 1233 rebus
932 1193 1086 1237 solidis,
1126 1194 1296 1232 ostendit
1332 1199 1423 1233 met.
1459 1198 1502 1239 3,
1536 1198 1616 1237 662
1653 1206 1846 1234 remorum
1880 1197 1918 1233 777

206 1264 363 1302 verbere
389 1268 580 1312 perstant.

262 1377 342 1413 Met.
367 1379 427 1417 13,
452 1380 532 1412 135:
565 1377 666 1413 Huic
687 1378 794 1413 modo
815 1387 861 1412 ne
877 1378 1001 1423 prosit
1022 1378 1123 1422 quod
1143 1380 1183 1412 ul
1204 1381 1259 1412 est
1279 1377 1390 1412 hebes
1413 1387 1494 1412 esse
1518 1378 1678 1413 videtur.

314 1465 418 1504 Haec
449 1465 495 1504 ad
526 1466 610 1516 ipsa
640 1466 769 1504 Aiacis
803 1464 918 1503 verba
950 1477 982 1503 v.
1018 1469 1068 1507 10
1099 1465 1172 1502 secl
1197 1476 1271 1503 7766
1299 1466 1393 1503 milti
1420 1466 1552 1504 (licere
1578 1471 1804 1515 promptum
1836 1468 1918 1506 Nec

199 1533 343 1581 facere
371 1537 428 1571 est
457 1534 530 1577 isti,
559 1538 822 1581 quantumque
848 1544 919 1581 eqo
942 1533 1074 1571 Marte
1098 1533 1231 1580 feroci
1251 1533 1377 1581 Inque
1403 1535 1488 1572 acie
1513 1535 1632 1581 valeo,
1664 1539 1813 1573 tantum
1844 1547 1916 1573 ra—

204 1603 255 1640 let
281 1603 349 1639 iste
379 1601 570 1649 loquendo
601 1601 743 1639 referri
775 1613 863 1639 cum
894 1612 965 1651 per
1003 1612 1043 1638 se
1084 1606 1191 1651 patet
1223 1606 1303 1640 tum
1335 1601 1504 1652 probant
1540 1612 1639 1651 quae
1672 1608 1914 1652 sequuntur:

203 1679 364 1716 meaque
394 1669 493 1706 baec
516 1668 716 1715 facundia
749 1698 757 1705 .
778 1699 813 1706 ..
846 1668 995 1706 invidia
1022 1675 1172 1707 careat.
1225 1669 1360 1718 Itaque
1382 1670 1496 1708 1111166
1520 1681 1607 1707 vera
1641 1675 1699 1708 est
1731 1682 1809 1708 non
1830 1670 1916 1709 nul-

203 1736 333 1774 lorum
364 1735 543 1775 codicum
575 1736 769 1786 scriptura
799 1737 904 1784 quod
930 1741 973 1774 ul
1001 1742 1056 1774 est
1083 1737 1197 1775 hebes
1226 1748 1307 1775 esse
1333 1737 1552 1786 fatetur,
1587 1748 1703 1786 quam
1733 1750 1811 1776 non
1845 1740 1916 1776 mi-

203 1815 300 1842 nore
330 1802 576 1853 neglegentia
607 1803 731 1842 dicam
763 1816 810 1842 an
841 1805 1120 1854 superstitione
1152 1810 1387 1856 spreverunt
1422 1804 1591 1843 editores
1624 1816 1740 1854 quam
1770 1817 1803 1844 v.
1839 1809 1919 1848 254

201 1873 313 1910 cuius
340 1882 456 1919 equos
482 1872 652 1919 pretium
679 1881 754 1920 pro
781 1876 891 1910 nocte
908 1878 1141 1920 poposcerat
1169 1873 1297 1920 bostis,
1326 1873 1448 1910 Arma
1470 1877 1609 1920 ueqate
1633 1873 1738 1919 milti,
1766 1873 1920 1920 fuerit-

202 1951 276 1987 que
305 1939 507 1987 bem'qnior
534 1939 640 1976 Aiax
672 1940 867 1988 egregiam
897 1939 1101 1991 Koeppeni
1140 1940 1453 1979 emendationem
1480 1941 1682 1989 fueritque
1717 1942 1919 1989 beniqm'or

203 2007 397 2045 Hector.
457 2006 515 2045 Ibi
545 2005 674 2045 Vlixes
709 2006 819 2045 dicit:
861 2007 1005 2046 Hector
1045 2008 1111 2057 (1111
1150 2007 1291 2046 Doloni
1329 2019 1451 2056 equos
1490 2007 1648 2047 Achillis
1684 2014 1822 2060 pactus
1861 2015 1919 2049 est

203 2074 409 2124 benignior
439 2074 558 2112 fuerit
588 2086 702 2124 quam
736 2086 802 2112 vos
835 2076 900 2124 qui
930 2074 1024 2113 1111111
1056 2088 1161 2113 arma
1194 2076 1276 2114 eius
1308 2076 1470 2124 negatis.

259 2189 340 2225 Met.
364 2191 423 2230 13,
445 2191 530 2224 406:
561 2189 833 2235 Externasqae
854 2201 945 2225 novo
967 2191 1110 2225 latratu
1133 2191 1270 2225 terruit
1290 2201 1419 2225 auras.

315 2288 441 2315 aurae
478 2277 674 2328 quomodo
712 2279 856 2316 terreri
893 2278 1045 2328 possint
1082 2279 1230 2317 1165610.
1293 2279 1433 2317 Veram
1473 2291 1558 2317 esse
1597 2278 1744 2318 codicis
1774 2279 1917 2319 Moreti

201 2345 409 2384 lectionem
438 2345 476 2382 E
481 2350 780 2393 aeternosque
809 2356 904 2383 71060
929 2347 1078 2384 latratu
1108 2347 1248 2383 terruit
1277 2357 1428 2393 aqros
1457 2346 1627 2397 probant
1655 2346 1695 2384 hi
1724 2347 1799 2385 duo
1828 2347 1915 2392 loci,

203 2424 369 2462 quorum
401 2411 566 2450 alterum
597 2413 674 2451 iam
705 2413 955 2452 Burmannus
986 2413 1132 2451 attulit:
1174 2419 1218 2457 7,
1254 2416 1333 2455 362
1364 2418 1401 2452 et
1432 2425 1526 2462 quos
1557 2415 1701 2453 Maera
1729 2425 1826 2453 novo
1851 2417 1917 2454 la—

202 2486 307 2519 tratu
337 2481 477 2518 terruit
505 2490 640 2527 (tyros,
681 2485 719 2518 et
757 2479 804 2518 de
845 2480 980 2519 eadem
1011 2481 1168 2519 Hecuba
1203 2484 1273 2525 13,
1307 2486 1385 2524 571
1430 2489 1507 2520 lum
1544 2492 1694 2531 quoque
1723 2482 1917 2522 Sithonios

202 2549 369 2586 ululavit
397 2552 546 2585 maesta
570 2558 644 2595 per
669 2558 799 2595 aqros.
1679 2548 1684 2551 ’

258 2662 337 2698 Met.
363 2664 420 2701 13,
444 2663 529 2696 910:
561 2660 656 2696 Ante
675 2660 819 2707 fretum
841 2667 896 2698 est
918 2664 1049 2710 inqens
1071 2665 1215 2710 apicem
1238 2664 1415 2699 collectus
1435 2665 1473 2700 in
1495 2675 1610 2700 unum

564 2728 694 2774 Lonqa
715 2730 782 2764 sub
805 2730 1004 2765 arboribus
1024 2742 1219 2768 convexus
1239 2732 1277 2766 in
1300 2741 1470 2778 aequora
1492 2736 1635 2768 vertex.

322 2817 392 2855 Hic
429 2817 602 2867 primum
640 2821 747 2855 recte
791 2816 974 2856 Heinsius
1011 2818 1124 2863 vidit,
1164 2831 1242 2858 non
1281 2819 1488 2858 arboribus
1536 2820 1698 2858 densum
1744 2819 1812 2858 sed
1851 2832 1912 2858 va-

202 2897 319 2923 cuum
356 2883 530 2933 intellegi
567 2884 772 2928 verticem,
817 2884 857 2922 id
902 2885 1005 2935 quod
1045 2898 1133 2924 cum
1178 2887 1260 2938 ipsa
1304 2900 1368 2925 res
1406 2887 1649 2925 demonstrat
1685 2892 1769 2925 tum
1805 2886 1914 2926 locus

201 2951 248 2990 ab
279 2952 439 2990 Heinsio
471 2950 674 3001 neglectus
716 2963 804 3002 epp.
838 2954 910 2996 10,
944 2955 995 2995 25
1041 2964 1149 2992 mons
1177 2954 1270 3001 fuit.
1310 2960 1508 3004 apparent
1540 2954 1708 3001 frutices
1743 2955 1784 2991 771
1821 2965 1914 2992 667·-

203 3021 274 3057 tice
312 3021 424 3058 rarz':
480 3019 596 3057 Nunc
641 3021 822 3068 scopulus
864 3021 997 3058 raucis
1029 3022 1176 3068 pendet
1203 3022 1346 3061 adesus
1378 3024 1504 3070 aquis.
1572 3021 1707 3070 ltaque
1747 3022 1914 3060 coniecit

201 3085 404 3124 Heinsius:
437 3086 574 3135 Lonya
603 3089 685 3125 stne
713 3087 930 3133 arboribus,
960 3088 1000 3125 in
1022 3098 1098 3136 qua
1129 3090 1350 3128 coniectura
1385 3101 1473 3128 611111
1497 3089 1617 3127 ceteri
1649 3088 1818 3127 editores
1849 3102 1910 3128 36-

203 3154 458 3202 quievissent,
498 3156 669 3205 primum
707 3153 936 3193 Mei-kelium
977 3154 1159 3200 advertit,
1200 3157 1275 3194 nisi
1314 3156 1445 3200 fallor,
1487 3167 1603 3205 quam
1640 3157 1783 3196 misere
1821 3169 1909 3197 sen·
