2330 3606
410 166 493 208 322
716 169 755 204 ll.
784 170 825 205 A.
855 168 990 204 KoeH:
1021 165 1321 204 CONIECTANEA
1354 165 1394 201 IN
1425 165 1592 202 POETAS
1620 165 1817 202 LATINOS.

408 293 507 332 quae
547 281 636 331 quia
682 279 809 318 addita
856 291 934 317 non
980 282 1071 317 sunt
1115 279 1198 329 ipsa
1237 276 1444 315 difficultas
1490 277 1683 321 exoritur,
1732 278 1925 326 quamvis,
1972 277 2123 315 etiamsi

407 349 532 388 addita
565 353 712 391 essent,
747 360 794 385 ne
827 348 881 385 sic
913 346 1069 396 quidem
1109 358 1242 384 rerum
1276 345 1476 383 veritatem
1500 345 1778 394 exprimerent.
1822 343 1980 383 Accedit
2001 343 2121 382 altera

406 416 612 455 difficultas
643 416 747 454 vocis
777 421 901 460 salas,
935 426 1034 463 quae
1066 415 1115 451 ita
1148 413 1242 451 solvi
1274 412 1429 461 nequit,
1462 416 1506 450 ut
1535 413 1653 450 silvas
1683 411 1844 451 arbores
1885 424 1970 450 esse
2002 411 2120 455 dieas,

405 485 452 523 de
485 496 560 534 quo
593 495 707 522 nemo
740 482 909 525 dubitat;
949 482 1075 532 posita
1108 485 1166 518 est
1197 481 1299 517 enim
1332 481 1370 517 in
1403 492 1468 523 eo,
1503 478 1627 529 quod,
1668 483 1801 517 utrum
1841 480 2003 518 arbores
2032 479 2123 518 illae

408 557 513 591 satae
545 553 622 590 sint
652 563 699 589 an
732 562 800 588 sua
832 554 970 600 sponte
1002 552 1124 591 ortae,
1158 547 1253 586 nihil
1285 548 1407 585 refert
1437 547 1483 585 ad
1515 547 1723 596 imaginem
1755 546 1924 586 molliter
1946 547 2124 586 reclinati

405 621 518 659 amici
549 632 569 657 a
599 623 713 670 poeta
746 617 879 655 vividis
911 616 1107 655 coloribus
1140 627 1378 666 expressam.
1422 615 1549 665 Ipsius
1580 613 1696 652 huius
1726 615 1904 664 imaginis
1927 619 2121 659 venustas,

407 688 454 726 ad
494 699 609 737 quam
650 685 894 724 efficiendam
934 684 1032 722 mire
1071 683 1199 720 onmia
1239 681 1379 720 horum
1420 693 1604 720 versuum
1643 683 1841 720 enuntiata
1883 684 2121 734 conspirant,

406 755 576 794 ostendit
606 752 815 804 legendum
849 764 955 790 esse:
996 751 1047 789 Et
1080 761 1214 788 nemus
1244 749 1553 796 itiizbriferas
1590 750 1770 788 intendat
1808 752 1950 789 vertice
1984 753 2125 795 silvas,-

409 824 455 862 ef.
491 824 605 872 Verg.
638 823 732 860 Aen.
767 824 810 863 6,
846 822 925 862 473
963 818 1115 866 refuqit
1150 817 1200 855 In
1230 829 1364 856 nemus
1395 818 1666 864 umbriferum.
1727 817 1829 855 Loco
1860 819 1910 857 ita
1942 820 2123 857 restituto

405 890 680 940 intellegemus
711 887 1006 926 similitudinem
1037 885 1180 924 horum
1213 897 1398 924 versuum
1430 890 1468 923 et
1498 885 1800 924 Horatianorum
1823 898 1941 924 carm.
1967 889 2004 931 2,
2029 890 2066 930 3,
2100 889 2124 928 8

406 969 480 1007 quo
508 959 628 1006 pinus
665 958 800 1004 inqens
832 955 999 1002 albaque
1033 955 1204 1002 populus
1249 954 1429 991 Vmbram
1460 954 1689 1001 hospitalem
1724 955 1952 992 consociare
1990 957 2127 992 amant

406 1023 571 1064 Ramis?
601 1024 698 1073 quid
725 1024 876 1071 obliquo
905 1022 1061 1060 laborat
1088 1021 1267 1070 Lympha
1293 1020 1430 1069 fuyaa·
1459 1022 1662 1070 trepidare
1691 1018 1802 1060 rivo?

463 1144 503 1181 1,
527 1142 587 1180 16,
609 1142 649 1176 9:
682 1140 760 1175 Nec
777 1149 933 1185 possum
954 1136 1111 1183 infamis
1132 1137 1305 1172 (laminae
1326 1136 1532 1181 defendere
1555 1141 1692 1179 noctes,

788 1206 928 1242 Nobilis
948 1206 1114 1241 obscenis
1135 1205 1276 1239 tradita
1296 1205 1529 1239 carminibus

684 1274 779 1320 (Nee
800 1278 924 1309 tamen
943 1274 1010 1309 illa
1030 1282 1122 1308 suae
1144 1277 1348 1307 revocatur
1363 1282 1529 1317 parcere
1547 1271 1690 1318 famae,

790 1342 955 1387 Turpior
975 1346 1011 1376 et
1029 1341 1148 1376 saecli
1166 1341 1287 1376 vivere
1308 1340 1483 1383 luxuria)
1497 1355 1506 1373 :

682 1410 767 1446 Has
786 1413 885 1445 inter
904 1409 1084 1456 yravz‘bus
1105 1419 1218 1454 coyor
1239 1408 1379 1453 deflere
1401 1408 1590 1453 querellis,

788 1477 977 1524 Supplicis
997 1489 1020 1512 a
1041 1477 1160 1523 longis
1181 1477 1325 1511 tristior
1346 1476 1527 1511 excubiis.

517 1569 660 1607 Vitium
692 1567 815 1605 latere
845 1566 885 1603 in
915 1577 1009 1603 voce
1040 1566 1142 1603 inter
1173 1576 1251 1602 non
1283 1568 1432 1601 tantum
1465 1563 1560 1601 dura
1602 1567 1800 1600 structura
1831 1563 1936 1601 vocis
1967 1563 2124 1610 deflere,

405 1637 473 1676 sed
497 1636 601 1686 quod
623 1638 723 1674 inter
746 1647 822 1673 11011
844 1633 947 1671 idem
982 1645 1067 1671 esse
1098 1636 1227 1683 potest
1259 1631 1360 1681 quod
1390 1642 1465 1679 per
1496 1630 1801 1668 demonstratur.
1845 1631 1978 1680 Itaque
2000 1630 2122 1669 Lach-

405 1717 572 1743 mannus
604 1703 811 1755 proposuit
842 1703 982 1750 iqitur,
1017 1700 1120 1750 quod
1150 1704 1240 1750 post
1278 1697 1545 1749 parenthesim
1583 1697 1757 1749 pedestri
1796 1699 1918 1748 magis
1958 1698 2124 1736 orationi

405 1785 521 1824 quam
552 1772 703 1810 vinctae
735 1769 936 1813 convenit;
971 1767 1221 1806 I‘Iermannus
1250 1768 1346 1812 lites,
1378 1766 1481 1817 quod
1514 1764 1560 1804 ad
1591 1767 1705 1803 raras
1735 1777 1767 1803 v.
1793 1770 1815 1808 5
1848 1765 2015 1805 relatum
2045 1770 2124 1805 tam

405 1840 537 1878 multis
574 1839 792 1877 interiectis
838 1849 916 1875 non
962 1836 1085 1885 magis
1130 1834 1287 1886 placet;'
1328 1834 1375 1872 de
1413 1833 1721 1883 IIertzbergiano
1769 1838 1990 1872 commento
2031 1834 2128 1872 milti

405 1915 463 1947 ter
499 1914 627 1946 tacere
665 1907 785 1944 satius
825 1909 895 1943 est.
958 1904 1103 1941 Verum
1144 1906 1221 1940 est:
1263 1901 1348 1939 Has
1378 1913 1565 1949 semper
1597 1901 1783 1949 ffl'am'bus
1817 1912 1937 1950 609ον
1977 1903 2124 1949 deflere

404 1977 605 2024 querellis,
649 1975 696 2013 ef.
738 1986 770 2011 V.
806 1976 830 2016 8
868 1982 1022 2020 semper
1058 1976 1095 2009 et
1129 1971 1285 2008 excluse?
1317 1972 1433 2018 siqua
1474 1972 1605 2008 iacere
1642 1969 1777 2017 faces,
1826 1974 1863 2007 et
1913 1981 1943 2008 v.
1978 1973 2030 2012 47
2068 1971 2124 2007 sic

403 2056 473 2092 eye
501 2055 606 2081 nunc
643 2043 824 2080 dominae
856 2041 957 2078 vitiis
991 2044 1027 2077 el
1055 2050 1208 2087 semper
1239 2040 1407 2075 (wmmlz's
1445 2037 1617 2075 Fletibus
1653 2041 1816 2075 aelerna
1855 2037 2022 2085 differor
2058 2038 2124 2075 in-

403 2113 524 2150 vidia.

465 2229 501 2266 l,
525 2229 583 2265 16,
607 2227 666 2260 37:
704 2225 751 2260 Te
774 2235 847 2259 non
869 2222 948 2259 ulla
970 2233 1074 2257 meae
1095 2223 1204 2257 laesit
1219 2221 1435 2267 petulantia
1456 2221 1620 2267 linquae,

811 2291 916 2334 Quae
936 2291 1028 2326 solet
1047 2292 1144 2325 irato
1166 2290 1291 2324 dicere
1312 2291 1389 2324 tota
1410 2290 1498 2323 loco.

518 2382 560 2419 In
602 2379 855 2418 emendandis
893 2378 952 2417 his
989 2377 1168 2417 versibus
1207 2378 1379 2427 primum
1418 2375 1658 2420 tenebimus,
1698 2374 1802 2425 quod
1841 2375 2122 2425 Hertzbergius

407 2449 517 2492 vidit,
551 2451 633 2486 loco
671 2449 749 2486 sive
788 2450 889 2485 [rato
929 2447 1008 2484 sive
1047 2447 1204 2493 inqrcuo
1240 2445 1396 2482 ianuam
1434 2443 1644 2492 significari
1683 2455 1760 2480 non
1800 2454 1936 2493 posse,
1976 2443 2122 2493 quippe

407 2528 506 2566 quae
546 2516 661 2553 nimis
699 2515 918 2553 communis
956 2512 1163 2564 appellatio
1208 2516 1347 2562 poetae
1384 2511 1545 2561 propria
1585 2511 1788 2559 quaerenti
1837 2521 1925 2548 cum
1963 2510 2120 2548 omnino

405 2597 485 2623 non
508 2583 723 2627 conveniat,
757 2587 839 2620 tum
870 2581 932 2618 hic
963 2581 1132 2631 ineptior
1166 2580 1280 2617 etiam
1313 2579 1379 2622 sit,
1414 2577 1517 2629 quod
1545 2579 1725 2628 proximo
1757 2590 1871 2616 versu
1902 2578 1985 2628 ipsa
2006 2578 2120 2615 ianua

407 2655 709 2691 commemorata
741 2655 810 2688 est.
872 2648 1007 2686 Restat
1038 2646 1158 2685 altera
1190 2645 1399 2689 dubitatio,
1440 2650 1571 2683 utrum
1612 2656 1712 2693 qzate
1750 2656 1895 2694 genere
1933 2645 2119 2682 feminino

409 2720 455 2758 ad
487 2720 646 2766 linquae
676 2730 724 2756 an
755 2728 900 2767 genere
932 2719 1072 2753 neutro
1104 2713 1150 2751 ad
1178 2715 1399 2762 petulantia
1430 2715 1590 2761 linquae
1620 2711 1723 2752 κατὰ
1753 2710 1913 2752 εύνεειν
1944 2712 2118 2749 referen-

408 2787 500 2825 dum
533 2787 591 2824 sit.
635 2787 759 2834 Atque
791 2783 887 2821 haec
918 2782 1055 2820 relatio
1086 2786 1297 2832 propterea
1328 2781 1587 2832 praeferenda
1620 2785 1696 2824 est,
1729 2779 1832 2830 quod
1865 2791 1941 2816 11011
1972 2779 2118 2816 11111111-

406 2866 563 2893 versum
595 2852 785 2902 quaedam
817 2850 864 2888 de
895 2849 1050 2899 linguae
1082 2849 1367 2887 consuetudine
1388 2848 1582 2886 narranda
1604 2851 1733 2890 erant,
1767 2846 1835 2884 sed
1867 2858 1909 2883 ea
1931 2844 2118 2889 addenda,

407 2921 549 2973 quibus
579 2923 662 2972 ipsa
694 2920 783 2958 irati
820 2918 1003 2956 amatoris
1034 2915 1267 2967 petulantia,
1310 2927 1384 2965 qua
1415 2920 1529 2966 poeta
1569 2927 1611 2953 se
1648 2915 1803 2953 ianuam
1842 2925 1919 2951 11011
1959 2911 2119 2951 laesisse

408 2989 593 3032 affirmat,
625 2987 846 3035 accuratius
877 2984 1175 3034 significaretur.
1238 2984 1372 3034 Itaque
1404 2982 1655 3021 seribemlum
1689 2993 1774 3019 esse
1805 2979 1975 3017 videtur:
2011 2979 2120 3025 Quae

406 3058 500 3095 solet
527 3058 661 3094 irata
695 3056 827 3094 dicere
862 3057 1015 3091 mente
1053 3052 1211 3096 (lolam
1250 3051 1296 3089 cs.
1332 3054 1375 3095 2,
1410 3054 1453 3094 8,
1495 3053 1546 3091 36
1584 3053 1714 3087 {ancus
1753 3050 1790 3086 in
1831 3051 1965 3096 erepto
1999 3048 2123 3085 saevit

405 3134 540 3162 amore
570 3124 702 3167 dolor,·
733 3121 858 3162 Ovidii
895 3132 968 3160 3111.
1003 3122 1045 3163 2,
1079 3123 1120 3162 5,
1155 3123 1206 3162 33
1245 3120 1316 3157 lzoc
1351 3129 1439 3166 eqo,
1478 3127 1655 3166 quaeque
1689 3116 1799 3153 dolor
1835 3116 1995 3162 linquae
2030 3115 2119 3153 dic-

409 3192 516 3229 tcwit.
