2330 3606
573 186 614 222 IN
644 185 912 222 SCRIPTORVM
943 183 1200 221 GRAECORVM
1230 184 1339 219 VlTlS
1371 183 1589 220 llAVSERlT.
1862 179 1937 218 141

269 310 297 336 s.
333 284 384 336 vs
405 293 621 345 Διαγόρας
644 293 918 344 Τηλεκλείδου
941 326 948 333 .
974 326 981 333 .
1005 293 1055 334 ὃν
1079 292 1218 343 εὐφυᾶ
1245 292 1495 342 θεαςάμενος
1517 291 1779 342 Δημόκριτος
1809 290 1833 331 ὁ
1856 291 1940 342 Ἀβ-

407 361 570 413 δηρίτης
596 361 784 412 ὠνήςατο
808 361 938 402 αὐτὸν
960 362 1117 402 δοῦλον
1140 359 1243 402 ὄντα
1272 359 1429 410 μυρίων
1450 361 1647 410 δραχμῶν
1669 359 1733 399 καὶ
1755 359 1938 409 μαθητὴν

405 430 638 480 ἐπὀιήςατο.
1392 432 1394 435 ’

267 512 296 538 s.
329 511 362 537 v.
402 497 639 548 Διογένης.
663 529 670 537 .
691 496 863 546 γηραιὸς
889 497 950 537 ὢν
979 495 1062 536 ὑπὸ
1084 496 1282 545 πειρατοῦ
1305 493 1527 544 (κιρτάλου
1556 494 1714 545 ἐλήφθη
1745 495 1809 535 καὶ
1836 507 1939 545 πρα-

404 565 486 605 θεὶς
516 564 561 606 ἐν
596 563 781 617 Κορίνθῳ
808 563 989 617 Ξενιάδῃ
1027 563 1102 603 τινὶ
1134 562 1247 612 παρὰ
1281 564 1340 614 τῷ
1376 562 1591 614 πριαμένῳ
1623 562 1823 611 διέμεινεν
1862 561 1939 611 οὐχ

404 632 603 682 ἑλόμενος
625 633 797 681 λυθῆναι
820 630 901 671 ὑπὸ
923 630 1153 680 Ἀθηναίων
1175 629 1198 679 ἢ
1221 631 1307 670 τῶν
1332 628 1495 669 οἰκείων
1518 630 1581 668 καὶ
1602 628 1750 679 φίλων.

265 713 293 739 s.
328 713 359 738 v.
402 698 706 751 Ἐπαφρόδιτος
726 698 965 749 Χαιρωνεύς
988 697 1265 748 γραμματικὸς
1282 696 1486 747 Ἀρχιβίου
1504 698 1578 736 τοῦ
1596 696 1936 747 Ἀλεξανδρέωςὸ)

402 768 682 817 γραμματικοῦ
711 765 908 817 θρεπτός.
938 767 1042 816 παρ)
1074 763 1106 820 ᾧ
1131 764 1426 804 παιδευθεὶς
1454 764 1591 814 ὠνήθη
1615 762 1698 803 ὑπὸ
1722 764 1939 804 Μοδέςτου

403 834 591 886 ἐπάρχου
623 833 832 882 Αἰγύπτου
869 834 933 873 καὶ
963 832 1187 873 παιδεύςας
1221 831 1295 872 τὸν
1335 831 1426 872 υἱὸν
1463 831 1594 872 αὐτοῦ
1623 831 1858 881 Πετηλῖνον
1893 831 1938 871 ἐν

404 901 538 956 Ῥώμῃ
562 902 849 952 διέπρεψεν
874 900 941 941 ἐπὶ
965 901 1162 950 Νέρωνος
1184 900 1248 940 καὶ
1271 899 1386 950 μέχρι
1414 899 1561 950 Νέρβα.

265 982 292 1007 s.
328 982 358 1007 v.
401 969 635 1019 Ἐπίκτητος
656 1002 663 1009 .
689 1002 696 1009 .
718 970 873 1009 δοῦλος
894 967 1201 1019 Ἐπαφροδίτου
1223 969 1309 1008 τῶν
1332 965 1705 1018 ςωματοφυλάκων
1735 969 1809 1007 τοῦ
1833 969 1938 1018 βαςι-

403 1036 510 1077 λε’ως
533 1037 740 1087 Νέρωνος.

265 1117 293 1142 s.
329 1117 359 1142 v.
401 1103 560 1154 Ἑρμίας
593 1104 616 1145 ὁ
646 1104 851 1154 εὐνοῦχος
880 1136 917 1143 ..
948 1102 1154 1153 εὐνοῦχος
1182 1103 1247 1143 καὶ
1276 1103 1431 1143 δοῦλος
1464 1101 1693 1151 γενόμενος
1723 1101 1938 1153 Εὐβούλου

404 1171 580 1213 Βιθυνοῦ
602 1171 806 1213 δυνάςτου
826 1171 890 1211 καὶ
914 1170 1155 1222 φιλόςοφον
1180 1172 1247 1223 (sic,
1279 1184 1379 1210 corr.
1406 1171 1632 1222 Bernhardy
1662 1184 1734 1224 pro
1767 1169 1937 1222 φιλοςό-

402 1240 507 1291 φου)
534 1239 718 1290 ἀςκηθεὶς
740 1238 980 1279 παιδείαν
1002 1239 1116 1289 παρὰ
1136 1238 1414 1289 Ἀριςτοτέλει.

263 1319 292 1345 s.
326 1319 358 1345 ι’.
401 1306 625 1357 Θεόδωρος
655 1306 858 1357 Γαδαρεὺς
893 1307 1088 1357 ςοφιςτής
1122 1305 1207 1346 ἀπὸ
1240 1305 1430 1353 δούλων,
1466 1305 1712 1346 διδάςκαλος
1746 1306 1935 1354 γεγονὼς

401 1374 590 1425 Τιβερίου
609 1374 830 1425 Καίςαρος·
850 1374 939 1414 ἐπεὶ
961 1374 1006 1414 δὲ
1029 1373 1240 1424 ςυνεκρίθη
1259 1373 1352 1424 περὶ
1371 1375 1604 1425 ςοφιςτικῆς
1626 1372 1936 1422 ἀγωνιςάμενος

399 1441 627 1492 Ποτάμωνι
647 1442 711 1482 καὶ
732 1441 989 1495 Ἀντιπάτρῳ
1014 1441 1058 1482 ἐν
1081 1441 1182 1495 αὐτῇ
1217 1445 1264 1495 τῇ
1295 1441 1431 1494 Ῥώμῃ
1450 1441 1477 1492 ⁰)
1509 1440 1580 1481 ἐπ>
1602 1441 1821 1492 Ἀδριανοῦ
1846 1440 1935 1481 Καί-

400 1522 525 1560 ςαρος
545 1509 568 1550 ὁ
592 1509 680 1550 υἱὸς
702 1509 832 1550 αὐτοῦ
854 1510 1077 1551 Ἀντώνιος
1099 1509 1361 1559 ςυγκλητικὸς
1383 1508 1564 1557 ἐγένετο.

262 1589 291 1615 s.
326 1590 357 1615 V.
401 1574 639 1628 Ἰάμβλιχος.
669 1576 792 1618 οὗτος
821 1576 878 1618 ὥς
902 1590 1026 1628 φαςιν
1048 1576 1132 1617 ἀπὸ
1155 1576 1323 1617 δούλων
1346 1575 1408 1626 ἦν.

262 1658 290 1683 S.
326 1657 356 1683 v.
397 1644 550 1695 Ἴςτρος
571 1678 607 1685 ..
640 1645 902 1696 Καλλιμάχου
934 1646 1090 1686 δοῦλος
1121 1644 1185 1684 καὶ
1215 1645 1435 1694 γνώριμος.
1477 1643 1760 1693 Ἕρμιππος
1790 1645 1835 1685 δὲ
1863 1644 1934 1685 αὐ-

398 1711 472 1753 τόν
510 1725 606 1763 φηςι
634 1712 807 1764 Πάφιον
847 1712 899 1753 ἐν
936 1716 1002 1766 τῷ
1039 1715 1090 1753 δε
1106 1712 1268 1765 υτέρῳ
1306 1713 1406 1752 τῶν
1437 1712 1845 1762 διαπρεψάντων
1882 1712 1934 1753 ἐν

399 1779 603 1833 παιδείᾳ
631 1779 847 1821 δούλων.

261 1859 289 1885 s.
325 1859 355 1885 v.
400 1847 628 1888 Καικίλιος,
656 1880 663 1887 .
692 1846 776 1888 ἀπὸ
806 1847 989 1897 δούλων,
1014 1847 1072 1888 ὥς
1101 1861 1237 1888 τινες
1258 1847 1507 1897 (ιςτορήκαςι,
1540 1847 1605 1887 καὶ
1635 1847 1843 1898 πρότερον
1865 1861 1933 1888 κα-

398 1913 602 1963 λούμενος
628 1914 894 1965 Ἀρχάγαθος.

261 1995 291 2020 s.
324 1994 357 2020 v.
400 1980 644 2032 Μεςομήδης
665 2014 672 2022 .
696 2015 703 2022 .
726 1981 1006 2033 ἀπελεύθερος
1029 1981 1158 2022 αὐτοῦ
1181 1982 1449 2033 (Ἀδριανοῦ).

260 2063 289 2088 s.
326 2062 355 2088 v.
399 2049 640 2100 Μεταγένης
664 2050 880 2100 Ἀθηναῖος
902 2050 1060 2090 δούλου
1084 2051 1192 2089 παῖς.

260 2131 288 2156 s.
325 2130 354 2155 v.
394 2116 627 2167 Παρθένιος
651 2117 920 2168 Ἡρακλείδου
940 2118 1004 2157 καὶ
1027 2117 1242 2167 Εὐδώρας,
1264 2117 1545 2167 Ἕρμιππος
1575 2119 1619 2159 δὲ
1640 2118 1774 2168 Τήθας
1799 2119 1932 2170 φηςί..

399 2183 523 2224 οὗτος
559 2184 719 2236 ἐλήφθη
752 2185 834 2226 ὑπὸ
867 2185 991 2227 Κίννα
1013 2186 1053 2237 ¹⁰)
1089 2186 1303 2235 Mcpupov„
1349 2184 1417 2225 ὅτε
1451 2185 1704 2236 Μιθριδάτην
1739 2186 1932 2237 Ῥωμαῖοι

399 2252 758 2302 κατεπολέμηςαν,
782 2251 871 2294 εἶτα
892 2253 1040 2304 ἠφείθη
1070 2253 1149 2292 διὰ
1182 2253 1269 2302 τὴν
1300 2252 1567 2294 παίδευςιν
1598 2253 1662 2293 καὶ
1692 2253 1789 2305 ἐβίω
1817 2255 1932 2305 μέχρι

399 2319 589 2370 Τιβερίου
610 2321 684 2360 τοῦ
709 2320 919 2371 Καίςαρος.

262 2400 290 2426 s.
324 2400 356 2426 v,
395 2387 603 2437 Περςαῖος
629 2420 636 2427 .
659 2420 666 2427 .
688 2389 867 2438 μαθητὴς
890 2388 953 2428 καὶ
978 2388 1157 2439 θρεπτὸς
1176 2388 1380 2437 Ζήνωνος
1405 2390 1479 2428 τοῦ
1503 2388 1753 2439 φιλοςόφου.

260 2468 288 2493 s.
323 2468 354 2494 v.
394 2454 556 2495 Ῥιανός
579 2488 585 2494 .
607 2487 614 2495 .
638 2454 762 2495 οὗτος
783 2457 828 2496 δὲ
849 2455 900 2505 ἦν
920 2458 991 2505 τῆς
1013 2456 1263 2507 παλαίςτρας
1286 2456 1495 2506 πρότερον
1517 2456 1655 2507 φύλαξ
1678 2457 1740 2497 καὶ
1764 2458 1931 2502 δοῦλοςι

398 2521 571 2572 ὕςτερον
595 2523 640 2563 δὲ
661 2523 959 2564 παιδευθεὶς
991 2524 1158 2572 ἐγένετο
1180 2523 1475 2574 γραμματικός
1506 2524 1737 2574 ςύγχρονος
1770 2525 1930 2574 Ἐρατο-

397 2590 578 2631 ςθένους.

321 2758 346 2798 5')
374 2759 427 2791 sie
453 2759 610 2791 coniecit
627 2758 838 2801 Bernhardy
855 2770 918 2801 pro
946 2757 1088 2801 Ἀρχίου
1105 2761 1171 2793 τοῦ
1200 2759 1439 2802 Ἀλεξάνδρου
1465 2760 1747 2803 (Ἀλεξανδρέως
1768 2759 1825 2800 Ε),
1852 2772 1928 2802 pro-

233 2803 405 2836 habiliter
431 2815 472 2835 ex
497 2815 577 2836 mea
603 2806 800 2840 sententia,
835 2815 911 2835 eum
943 2806 1095 2837 Archias
1127 2808 1384 2846 grammaticus
1417 2809 1614 2847 ignoretur,
1647 2807 1836 2838 Archihius
1869 2816 1929 2836 :111-

232 2852 303 2880 tem
328 2849 591 2881 Alexandrinus
616 2849 740 2890 (quode
768 2849 814 2880 ef.
842 2850 1048 2881 Villoisonis
1074 2852 1187 2892 praef.
1216 2852 1260 2882 ad
1278 2846 1506 2892 Apollonium
1532 2853 1729 2893 sophistam
1756 2863 1788 2892 1».
1808 2851 1857 2881 111
1878 2862 1928 2891 sq.

235 2896 270 2924 et
295 2893 481 2936 Goettling
507 2895 686 2926 animadv.
712 2895 747 2924 in
774 2894 989 2926 Callimachi
1016 2897 1127 2937 epig-r.
1155 2900 1190 2927 et
1208 2897 1385 2927 Achillem
1404 2898 1548 2928 Tatium
1566 2899 1641 2928 len.
1663 2898 1743 2927 1811
1772 2907 1803 2936 p.
1822 2897 1841 2926 2
1860 2896 1927 2935 sq.)

233 2941 326 2969 teste
352 2939 461 2970 Suida
487 2950 514 2971 s.
532 2950 565 2971 v.
592 2939 777 2980 scripserit
800 2940 878 2970 τῶν
898 2938 1125 2980 Καλλιμάχου
1142 2939 1428 2981 ἐπιγραμμάτων
1445 2940 1612 2982 ἐξήγηςιν
1633 2941 1797 2972 similitor
1822 2944 1928 2981 atque

233 2982 500 3025 Epaphroditus
524 2983 726 3025 ὑπόμνημα
756 2984 833 3015 τῶν
861 2982 1087 3024 Καλλιμάχου
1105 2983 1236 3017 αἰτίων
1261 2987 1322 3027 (ef.
1343 2986 1515 3028 Stephan.
1541 2988 1625 3027 Byz.
1652 2997 1678 3016 s.
1700 2996 1730 3017 v.
1757 2984 1928 3026 Δωδώνη

235 3031 270 3058 et
301 3029 412 3060 schol.
438 3029 609 3070 Aeschyli
633 3030 783 3060 Eumen.
810 3039 841 3060 v.
868 3030 913 3069 2).

322 3073 348 3112 3)
374 3077 472 3105 reete
491 3074 701 3114 Bernhardy
719 3074 776 3105 hie
795 3073 973 3114 quaedam
1001 3074 1227 3107 intercidisse
1253 3079 1394 3116 censet,
1422 3073 1667 3117 opium-staua
1692 3076 1765 3106 sere
1792 3073 1927 3117 ἠφείθη

234 3115 291 3148 διὰ
314 3117 385 3158 τὴν
410 3117 595 3151 παίδευςιν
620 3119 688 3150 καὶ.

324 3162 364 3205 ¹⁰)
391 3164 457 3195 hoc
482 3174 609 3196 nomen
636 3166 838 3205 corruptum
865 3174 942 3196 esse
969 3164 1092 3197 docuit
1124 3165 1292 3198 Meineke
1319 3165 1413 3198 anal.
1439 3165 1538 3196 Alex.
1565 3176 1598 3207 p.
1625 3166 1706 3201 256,
1741 3166 1800 3206 qui
1825 3166 1926 3197 dubi-

235 3209 354 3239 tanter
378 3208 421 3240 de
447 3208 606 3240 Caecina
632 3209 819 3250 cogitavit.
