2330 3606
553 183 595 220 IN
626 185 895 221 SCRIPTORVM
927 183 1187 221 GRAECORVM
1220 184 1329 220 VITIS
1360 186 1585 222 HAVSERIT.
1846 183 1925 224 145

224 295 361 335 Suidas
397 295 549 346 profert
588 305 703 343 quam
741 293 859 333 haec:
908 293 1166 344 Ἡρωδιανὸς
1201 293 1494 345 Ἀλεξανδρεὺς
1531 295 1807 345 γραμματικὸς
1835 295 1925 336 υἱὸς

221 360 510 403 Ἀπολλωνίου
538 362 613 400 τοῦ
642 363 923 411 γραμματικοῦ
954 363 1029 402 τοῦ
1051 360 1345 411 ἐπικληθέντος
1371 362 1603 403 Δυςκόλου.
1652 363 1803 411 γέγονε
1822 363 1926 403 κατὰ

221 430 296 470 τὸν
328 428 505 479 Καίςαρα
540 428 796 469 Ἀντωνῑνον
829 429 904 470 τὸν
942 429 1008 469 καὶ
1043 427 1241 479 Μάρκον,
1278 428 1342 468 ὡς
1379 429 1642 480 νεώτερον
1680 430 1925 471 εἶναικαὶ

222 495 510 544 Διονυςίου
543 498 634 536 τοῦ
667 496 757 545 τὴν
792 497 1036 546 μουςικὴν
1065 495 1298 546 ἱςτορίαν
1327 495 1633 547 γράψαντος
1662 497 1741 537 καὶ
1762 497 1925 537 Φίλω-

220 577 310 606 νος
330 565 419 605 τοῡ
444 562 673 614 Βυβλίου.
712 562 872 614 ἔγραψε
892 563 1040 605 πολλά.
1082 564 1173 614 quid
1203 566 1322 615 igitur
1354 565 1473 603 voluit
1502 565 1718 617 Hesychius
1748 566 1808 604 his
1838 579 1924 604 ver-

220 633 280 671 bis
319 632 563 671 somnolento
609 645 628 671 a
667 632 784 670 Suida
830 634 992 671 servatis
1029 632 1202 671 indicare
1240 633 1316 670 nisi
1357 633 1605 684 ‘Dionysium
1648 638 1685 671 et
1722 633 1925 672 Philonem

220 702 453 752 praecipuos
484 700 557 739 sibi
586 701 626 738 in
657 699 728 738 hae
758 712 802 738 re
833 701 952 739 fuisse
983 701 1112 739 fontes
1142 704 1257 750 atque
1278 700 1318 738 in
1341 712 1475 739 eorum
1498 700 1684 751 operibus
1705 701 1926 739 Herodiano

220 780 376 818 quoque
407 769 439 807 si
468 772 632 819 propter
662 768 851 818 temporis
883 769 1073 806 rationem
1104 767 1279 805 licuisset
1316 767 1444 805 locum
1484 768 1661 806 futurum
1691 768 1811 807 fuisse
1847 770 1926 807 ius-

220 842 302 875 tum
333 841 449 886 atque
481 832 764 884 debitum'24),
797 847 901 873 nune
931 846 1024 873 vero
1055 834 1151 873 nihil
1190 847 1275 873 sese
1306 834 1472 880 habere,
1513 836 1617 887 quod
1656 836 1702 874 de
1733 848 1925 886 gramma-

220 905 297 942 tico
328 904 530 942 narraret?
590 903 696 954 atqui
726 902 934 953 Dionysius
960 908 997 941 et
1027 902 1150 947 Philo,
1185 914 1351 952 quorum
1382 909 1549 955 uterque
1580 905 1800 954 composuit
1829 904 1926 942 indi-

221 984 285 1009 ces
322 971 513 1009 litteratos
554 969 735 1022 Ilesychii
772 971 860 1008 usui
891 970 1096 1009 admodum
1139 970 1471 1016 accommodatos,
1518 971 1708 1009 Hadriano
1740 976 1928 1021 regnante

220 1038 439 1077 floruerunt
471 1037 602 1081 ambo;
640 1038 823 1076 Hadriani
853 1038 1054 1087 aequalem
1086 1039 1317 1089 scriptorem
1350 1042 1547 1087 tamqnam
1576 1039 1804 1089 primarium
1837 1051 1927 1077 auc-

219 1112 346 1145 torem
377 1107 459 1157 ipsa
492 1107 735 1144 notationum
774 1105 1049 1144 Suidianarum
1086 1112 1225 1144 natura
1264 1107 1373 1155 quasi
1412 1106 1529 1156 digito
1569 1111 1773 1144 monstrat.
1833 1105 1929 1143 haec

220 1175 348 1212 omnia
378 1178 607 1224 argumenta
638 1173 819 1212 salutaria
851 1173 924 1211 sibi
954 1175 1118 1212 invicem
1158 1178 1224 1212 aut
1263 1174 1419 1224 egregie
1457 1172 1570 1211 fallor
1609 1178 1675 1211 aut
1711 1178 1789 1211 tam
1830 1173 1928 1211 bene

219 1243 322 1280 inter
353 1254 395 1280 se
426 1246 667 1292 congruunt,
701 1246 743 1279 ut
772 1242 849 1279 iam
881 1254 985 1280 nunc
1015 1253 1155 1291 magna
1187 1253 1274 1279 cuni
1309 1241 1481 1279 veritatis
1513 1242 1643 1291 specie
1674 1242 1797 1291 possit
1830 1242 1929 1279 sumi

218 1309 510 1361 Dionysium
541 1298 1003 1348 Halicarnasensem
1035 1314 1073 1346 et
1097 1308 1348 1347 Philonem
1380 1307 1600 1358 Byblium
1630 1309 1930 1359 praecipuos

218 1376 450 1428 Hesyc-hii
482 1382 715 1415 auctores
745 1377 785 1414 in
816 1377 1160 1426 grammaticorum
1191 1377 1276 1413 vitis
1311 1377 1445 1414 fuisse.
1487 1377 1832 1426 grammaticorum
1863 1389 1928 1415 au-

218 1449 297 1483 tem
328 1446 367 1482 in
397 1445 483 1482 vitis
514 1445 545 1483 si
576 1443 753 1482 adhibuit
782 1443 986 1482 Philonem
1007 1444 1311 1495 Dionysiumque
1333 1442 1568 1495 Hesychius,
1601 1445 1640 1482 in
1671 1444 1811 1482 ceteris
1833 1456 1928 1494 quo-

218 1523 293 1562 que
325 1512 372 1550 de
404 1511 545 1563 quibus
575 1511 687 1550 ambo
721 1516 885 1561 egerunt
917 1511 1176 1562 scriptoribus
1206 1511 1292 1549 illos
1324 1511 1370 1549 ab
1403 1523 1448 1549 eo
1481 1516 1689 1562 usurpatos
1721 1524 1807 1549 esse
1838 1524 1928 1562 pro-

217 1580 319 1618 fecto
352 1584 659 1618 consentaneum
693 1584 764 1617 est.
817 1579 887 1617 sed
918 1584 1048 1630 potest
1079 1580 1193 1617 etiam
1225 1580 1375 1617 firmius
1408 1578 1657 1617 cm'roborari
1689 1580 1834 1629 opinio.

329 1648 382 1686 Ac
412 1647 551 1686 Philo
584 1647 740 1697 quidem
763 1645 968 1697 Byblius
985 1645 1031 1697 25)
1066 1651 1165 1685 teste
1189 1647 1307 1685 Suida
1339 1660 1366 1685 5,
1391 1659 1423 1684 ι’.
1450 1646 1545 1685 duas
1568 1647 1802 1697 scriptiones
1825 1659 1928 1685 com·

218 1717 348 1766 posuit
377 1727 541 1766 prorsus
571 1714 618 1753 ad
649 1727 763 1753 usum
794 1713 976 1765 Hesyehii
1004 1715 1143 1758 factas,
1177 1713 1271 1764 περὶ
1299 1712 1470 1753 πόλεων
1497 1713 1562 1753 καὶ
1587 1712 1661 1753 οὓς
1682 1712 1826 1762 ἑκάςτη
1859 1712 1930 1753 αὐ-

215 1783 304 1823 τῶν
332 1781 533 1823 ἐνδόξους
561 1780 710 1830 ἤνεγκε
741 1781 862 1820 libros
877 1783 1040 1831 triginta
1073 1788 1110 1820 et
1130 1781 1223 1830 περὶ
1252 1781 1434 1831 κτήςεως
1455 1781 1520 1820 καὶ
1550 1780 1725 1830 ἐκλογῆς
1761 1780 1929 1831 βιβλίων

218 1850 340 1889 libros
371 1850 599 1893 duodecim,
633 1850 697 1898 qui
729 1850 780 1887 ita
813 1849 990 1900 dispositi
1020 1850 1181 1888 fuerunt
1211 1855 1254 1887 ut
1282 1851 1322 1887 in
1354 1849 1516 1898 singulis
1546 1849 1656 1887 libris
1688 1849 1734 1886 «lo
1767 1849 1930 1899 singulis

218 1917 438 1956 litterarum
470 1916 678 1967 generibus
711 1917 872 1965 eiusque
904 1916 1130 1955 auctoribus
1160 1918 1317 1968 optimis
1339 1929 1468 1955 sermo
1502 1922 1624 1960 esset,
1657 1916 1762 1954 velut
1782 1929 1930 1954 nonum

220 1985 362 2023 librum
393 1983 580 2034 singulari
612 1982 721 2021 titulo
753 1982 847 2033 περὶ
881 1981 1035 2031 ἰατρῶν
1072 1985 1305 2035 inscriptum
1343 1986 1383 2022 in
1413 1984 1575 2022 medicis
1606 1988 1802 2023 versatum
1845 1996 1930 2022 esse

219 2053 364 2091 scimus
396 2064 443 2090 ex
473 2050 621 2089 scholio
654 2050 821 2089 Oribasii
851 2052 890 2089 in
921 2051 993 2089 Mai
1026 2051 1136 2090 class.
1172 2057 1271 2090 auct.
1306 2052 1375 2090 1111
1406 2065 1443 2103 p.
1471 2057 1519 2093 11
1553 2051 1691 2090 collato
1724 2063 1810 2089 cum
1845 2051 1929 2088 Ste-

220 2119 347 2171 phano
370 2119 555 2171 Byzantio
587 2131 616 2158 5.
640 2130 673 2156 v.
710 2116 876 2167 Κυρτός.
910 2131 998 2157 cum
1030 2124 1159 2157 tamen
1190 2120 1301 2157 mitto
1332 2131 1457 2163 nunc,
1487 2132 1575 2158 cum
1608 2120 1691 2158 eius
1722 2120 1928 2157 auctorita-

219 2189 267 2225 tis
295 2188 454 2237 vestigia
486 2198 584 2236 quae
616 2185 857 2237 deprehendi
888 2186 991 2225 haud
1022 2198 1143 2237 pauca
1175 2186 1421 2237 diligentiore
1452 2187 1765 2237 perscrutatione
1788 2185 1929 2224 Snidac

220 2260 258 2292 et
289 2254 476 2305 Stephani
506 2253 681 2305 Byzantii
710 2266 950 2305 magnopere
981 2254 1167 2304 adaugeri
1197 2267 1313 2305 posse
1345 2266 1511 2305 sperem.

331 2322 598 2373 Dionysius
629 2326 759 2359 autem
790 2320 1250 2366 Halicarnasensis,
1288 2321 1336 2360 de
1365 2333 1443 2371 quo
1472 2326 1561 2372 post
1589 2321 1826 2360 Meinekium
1855 2322 1927 2371 frg.

219 2402 316 2428 com.
351 2390 416 2428 Gr.
449 2389 465 2427 I
495 2401 531 2440 p.
559 2391 608 2430 16
641 2400 713 2438 sq„
746 2391 825 2431 608
857 2400 928 2438 sq„
963 2390 993 2427 V
1022 2402 1058 2440 p.
1096 2394 1115 2431 1
1150 2395 1261 2428 acute
1292 2401 1419 2440 nuper
1449 2389 1659 2440 disputavit
1689 2388 1733 2427 O.
1768 2388 1929 2426 Schnei-

220 2457 338 2495 derus
369 2456 394 2495 l.
430 2469 459 2494 s.
493 2469 531 2507 p.
566 2459 617 2496 14
649 2466 728 2504 sq.,
762 2456 954 2504 μουςικῆς
977 2454 1158 2506 <ιςτορίοις
1191 2458 1348 2507 triginta
1380 2469 1447 2495 sex
1476 2456 1598 2495 libros
1630 2457 1861 2506 conscripsit
1895 2462 1932 2493 et

219 2525 258 2562 in
290 2525 345 2562 eis
375 2535 454 2562 non
486 2523 532 2560 de
564 2524 723 2560 musicis
754 2522 880 2561 solum
920 2523 989 2561 sed
1028 2523 1075 2562 de
1115 2524 1296 2563 omnibus
1336 2525 1450 2562 etiam
1489 2525 1616 2574 poetis
1656 2524 1751 2572 egit,
1793 2523 1932 2561 adiecit

219 2596 423 2641 praeterea
455 2590 799 2640 grammaticorum
832 2603 968 2629 eorum
998 2593 1228 2630 memoriam
1260 2592 1327 2641 qui
1357 2592 1646 2629 commentariis
1668 2597 1802 2641 poetas
1822 2590 1928 2627 illus-

221 2659 420 2696 traverint.
482 2659 521 2695 in
553 2658 815 2707 grammaticis
846 2657 1002 2707 quidem
1040 2659 1133 2708 quid
1174 2660 1257 2698 eius
1297 2659 1497 2697 doetrinae
1535 2657 1673 2696 debeat
1703 2656 1929 2708 Hesychius,

221 2823 310 2857 ἔνθα
335 2826 393 2858 καὶ
416 2825 488 2866 τὴν
513 2824 664 2866 μερικὴν
691 2824 851 2866 (corrige
877 2824 1100 2867 Ὁμηρικὴν)
1133 2825 1345 2867 προςωδίαν
1376 2827 1434 2859 καὶ
1464 2826 1535 2867 τὴν
1566 2824 1766 2865 καθολικὴν
1799 2824 1929 2865 (marg.

222 2869 398 2911 καθόλου)
425 2869 682 2911 ςυνεγράψατο
706 2868 782 2901 ὑπὸ
807 2871 875 2901 τοῦ
901 2870 1177 2912 αὐτοκράτορος
1203 2870 1461 2913 παρακληθείς.

310 2924 353 2968 ²⁴)
380 2927 492 2959 verba
517 2930 598 2958 sunt
616 2926 829 2958 Schueideri
854 2926 876 2958 l.
895 2936 921 2958 s.
948 2938 982 2968 p.
1001 2928 1059 2965 15;
1086 2927 1237 2958 eandem
1257 2928 1463 2969 opinionem
1487 2928 1559 2958 iam
1586 2926 1701 2957 innuit
1719 2924 1930 2964 Bernhardy

221 2969 245 3002 l.
272 2981 299 3004 s,
324 2982 358 3013 p.
383 2972 459 3004 LV.
485 2982 555 3013 qua
581 2973 616 3002 in
642 2982 680 3002 re
705 2971 741 3002 id
768 2981 907 3012 quoque
933 2971 1089 3003 fortasse
1114 2982 1242 3012 urgere
1268 2972 1376 3013 licet,
1409 2972 1503 3014 quod
1527 2971 1723 3012 Dionysius
1752 2970 1884 3000 dicitnr
1909 2968 1929 3000 ὁ

221 3014 294 3055 τὴν
320 3016 494 3056 μουςικὴν
519 3014 683 3057 ἱςτορίαν
705 3014 859 3056 γράψας.

313 3070 357 3114 ²⁵)
384 3073 462 3104 eius
487 3072 661 3114 reliquias
687 3071 837 3113 collegit
853 3071 1050 3103 Muellerus
1072 3071 1140 3113 frg.
1167 3072 1250 3104 hist.
1279 3072 1412 3104 G1·.111
1436 3083 1468 3113 p.
1497 3074 1561 3103 560
1579 3081 1630 3112 sq.
1659 3070 1806 3110 eiusque
1838 3068 1931 3099 liber

223 3114 308 3156 περὶ
333 3115 485 3149 πόλεων
509 3118 657 3148 multum
682 3116 869 3148 leetitatus
896 3120 931 3148 et
954 3117 1179 3148 multifariae
1204 3117 1376 3149 utilitatis
1402 3121 1440 3148 ut
1465 3117 1573 3148 etiam
1592 3115 1812 3146 commodius
1830 3124 1929 3144 usur-

223 3161 303 3202 pari
319 3165 442 3202 posset
459 3162 741 3204 compendifeeit
759 3171 838 3192 eum
856 3161 979 3193 Aelius
995 3162 1150 3193 Serenus
1169 3160 1231 3202 (cf.
1251 3162 1381 3194 Suidas
1400 3172 1468 3195 ss.
1489 3159 1661 3201 (ερῆνος,
1682 3163 1788 3200 etym.
1808 3169 1927 3200 magn.

225 3215 252 3239 5.
279 3216 311 3236 v.
341 3204 507 3247 Ἀρςινόη
533 3218 565 3247 p.
594 3208 669 3246 149,
696 3208 738 3238 54
764 3211 799 3238 et
824 3217 851 3237 s.
877 3216 911 3239 v.
939 3205 1120 3246 Βουκὲρας
1146 3217 1179 3248 p.
1205 3208 1281 3246 207,
1308 3207 1378 3248 48).

1615 3267 1626 3303 l
1638 3269 1661 3303 (⁷)
