2330 3606
401 152 483 193 332
706 155 745 190 ΙΙ.
776 156 814 189 Α.
847 153 980 189 KOCH:
1012 151 1309 189 CONIECTANEA
1340 151 1382 187 IN
1411 150 1579 187 POETAS
1608 150 1807 187 LATINOS.

466 270 539 305 Am.
563 272 600 311 3,
626 274 665 309 1,
687 271 746 304 23ε
787 268 948 314 Tempus
969 271 1055 302 erut
1075 267 1204 314 thyrso
1224 266 1376 312 pulsum
1401 265 1577 311 graviore
1598 265 1747 300 moveri.

868 335 1059 371 Cessatum
1079 336 1173 371 sutis
1193 339 1258 370 est.
1299 335 1423 379 incipe
1444 334 1565 368 nucius
1585 342 1691 378 opus.

514 414 610 453 Cum
642 426 756 453 cansa
786 413 926 451 idonea
957 425 1026 451 cur
1058 412 1134 451 duo
1165 410 1351 449 voeabula
1375 412 1534 458 pulsum
1567 414 1604 447 et
1633 411 1780 448 moveri
1806 413 1921 460 poeta
1953 408 2015 447 hie
2046 421 2111 447 cn-

402 481 607 521 mulaverit
638 481 850 531 excogitari
882 486 1062 529 nequeat,
1095 480 1180 518 vide
1212 492 1260 517 ne
1292 478 1339 516 ad
1371 476 1595 528 exemplum
1627 489 1766 516 versus
1797 476 2010 527 Vergiliani
2041 476 2111 514 ecl.

403 555 446 595 4,
483 554 502 592 1
543 550 732 588 Sicelides
763 549 906 587 Musae
938 550 1064 597 paulo
1099 549 1254 585 maiora
1290 557 1502 589 canamus,
1546 544 1798 584 scribendum
1838 545 1904 583 sit:
1951 543 2115 593 Tempus

400 625 487 656 erat
517 618 649 667 thyrso
675 629 739 667 pu
750 619 828 655 ulo
856 618 1042 665 qraviore
1066 616 1222 653 moveri.

456 735 531 769 Am.
555 736 593 773 3,
615 736 655 773 4,
678 734 740 768 20:
774 732 859 768 Non
876 733 1001 778 proba
1019 732 1082 777 fit,
1105 742 1218 777 quam
1241 731 1298 766 vir
1318 733 1464 771 servat,
1487 730 1554 764 secl
1574 729 1749 764 adultera
1771 739 1886 764 caru:

858 799 947 846 Ipse
969 801 1077 835 timor
1096 800 1260 845 pretium
1281 807 1442 844 corpore
1463 798 1585 832 maius
1605 797 1726 832 habet.

512 878 582 916 llic
614 877 750 916 saltem
782 875 983 915 novissimi
1022 876 1193 914 editores
1232 876 1402 926 ineptam
1441 873 1619 912 codicum
1661 874 1897 924 scripturam
1927 874 1975 911 sit
2003 874 2043 911 in
2070 875 2117 920 sit

400 950 670 989 mutaverunt,
712 958 828 996 qnam
861 944 1025 983 eandem
1056 944 1312 982 mutationem
1346 946 1387 987 3,
1424 947 1466 987 1,
1500 946 1551 985 43
1590 943 1738 980 rustica
1763 943 1809 988 fit
1836 943 1919 979 sine
1944 952 2004 979 me
2029 943 2114 980 las—

399 1015 478 1052 civi
505 1018 629 1051 muter
662 1014 816 1051 Amoris
845 1013 993 1051 frustra
1025 1012 1257 1050 monstravit
1287 1011 1483 1049 Heinsius.
1545 1010 1666 1048 Iidem
1706 1009 1877 1048 editores
1908 1011 2110 1060 aequieve-

398 1086 492 1121 runt
512 1083 553 1120 in
584 1081 761 1119 codicum
794 1082 988 1132 scriptura
1021 1080 1204 1118 adultera
1234 1090 1347 1125 cura,
1381 1091 1496 1128 quam
1519 1077 1677 1117 Iahnius
1711 1082 1748 1116 et
1769 1077 2111 1123 Mitseherliehius‚

401 1162 487 1188 cum
519 1149 824 1194 intellexissent,
866 1149 1015 1200 probae
1052 1160 1131 1186 non
1171 1146 1387 1186 adulteram
1426 1158 1555 1185 caram
1594 1146 1661 1184 sed
1700 1145 1917 1185 adulteram
1948 1158 2113 1197 respon-

399 1217 504 1261 dere,
540 1217 784 1256 mutaverant
815 1218 853 1255 in
885 1217 1092 1260 udidterc1‚·
1123 1226 1224 1254 cara
1251 1221 1317 1254 est.
1380 1214 1455 1253 Sed
1495 1218 1658 1265 apparet
1695 1225 1809 1264 quam
1848 1212 2030 1263 languide
2067 1212 2112 1251 il-

397 1286 463 1324 lud
496 1296 596 1323 cara
630 1290 686 1323 est
717 1286 845 1323 versui
887 1289 1099 1328 attexatur,
1141 1296 1227 1323 eum
1268 1283 1501 1334 praesertim
1541 1282 1731 1320 sententia
1769 1280 1845 1319 illis
1882 1281 2012 1319 verbis
2050 1293 2115 1319 ex-

397 1366 534 1405 pressa
564 1365 678 1392 versu
708 1354 888 1404 proximo
919 1354 1002 1401 ipse
1032 1354 1145 1390 timor
1168 1353 1341 1400 pretium
1362 1361 1528 1400 corpore
1555 1351 1682 1388 maius
1701 1350 1817 1387 habet
1844 1348 1965 1388 multo
1988 1349 2115 1400 aptius

399 1422 651 1471 significetur.
716 1421 849 1472 Itaque
883 1419 1124 1459 scribemus:
1159 1420 1243 1458 Nou
1268 1419 1399 1468 proba
1425 1421 1481 1466 fil,
1510 1429 1628 1466 quum
1658 1420 1718 1456 vir
1747 1422 1897 1461 servat,
1937 1418 2007 1456 sed
2035 1418 2116 1455 ad-

398 1492 545 1537 ultera,
576 1491 769 1528 coniux.

454 1608 529 1641 Am.
554 1608 592 1645 3,
613 1608 651 1645 8,
675 1608 737 1639 27:
775 1604 927 1650 Proque
949 1604 1042 1640 bono
1064 1613 1177 1639 versu
1193 1604 1359 1649 primum
1383 1603 1553 1638 deducite
1570 1602 1690 1648 pilum
1704 1617 1715 1637 .-

858 1672 941 1707 Hoc
965 1672 1032 1714 tibi,
1056 1672 1090 1706 si
1110 1672 1232 1713 velles,
1250 1675 1394 1716 posset,
1417 1670 1596 1712 Homere,
1620 1671 1718 1705 dari.

511 1762 675 1805 Versus,
709 1760 852 1811 quihus
883 1766 997 1810 poeta
1029 1759 1301 1798 adulescentes
1333 1759 1528 1803 admonet,
1562 1763 1604 1797 ut
1635 1758 1840 1810 stipendiis
1871 1759 2001 1810 potius
2033 1771 2113 1797 me-

397 1830 531 1869 rendis
563 1841 678 1879 qnam
711 1828 890 1867 versibus
928 1827 1145 1879 pangendis
1185 1839 1344 1878 operam
1385 1826 1496 1871 dent,
1540 1828 1571 1865 si
1609 1826 1751 1877 puellis
1788 1825 1944 1877 placere
1983 1826 2113 1871 velint,

398 1899 464 1948 qui
496 1898 673 1947 sequitur
705 1897 777 1934 hoc
807 1896 875 1934 tibi
901 1897 937 1934 si
966 1897 1079 1934 velles
1106 1900 1237 1943 posset
1267 1895 1436 1933 Homere
1463 1895 1559 1933 dari
1586 1895 1778 1933 sententia
1800 1907 1965 1946 prorsus
1995 1894 2113 1933 desti-

397 1967 532 2004 tuitur.
596 1963 777 2003 Facultas
818 1964 921 2002 enim
959 1963 1129 2014 pilorum
1162 1962 1504 2007 deducendorum,
1545 1974 1643 2012 quae
1674 1975 1750 2002 una
1781 1964 2013 2014 pronomine
2044 1963 2117 2001 hoc

399 2033 610 2084 significari
640 2036 790 2083 potest,
824 2045 896 2070 nee
929 2044 948 2070 a
982 2043 1059 2081 quo
1091 2044 1164 2070 nee
1191 2043 1267 2081 quo
1289 2031 1404 2069 modo
1427 2030 1510 2070 dari
1540 2032 1668 2082 possit
1697 2031 1880 2075 Homero,
1915 2030 2113 2075 discimus,

398 2114 470 2140 nee
502 2114 571 2139 cur
603 2099 804 2139 dubitetur
836 2105 969 2138 utrum
1003 2112 1087 2139 eam
1121 2112 1298 2138 summus
1329 2103 1443 2150 poeta
1476 2098 1548 2137 sibi
1581 2099 1663 2137 dari
1696 2098 1786 2136 velit
1816 2111 1862 2137 an
1896 2098 2009 2143 nolit,
2042 2111 2115 2138 nec

399 2181 475 2219 quo
498 2168 614 2207 modo
638 2168 773 2207 Ovidio
804 2167 1076 2206 adulescentes
1109 2181 1128 2206 a
1160 2167 1339 2206 versibus
1369 2167 1587 2218 pangendis
1619 2167 1835 2205 deterrenti
1856 2166 2049 2210 Homero,
2082 2167 2116 2205 si

399 2236 513 2276 modo
551 2235 662 2280 velit,
703 2236 789 2274 fore
827 2240 869 2274 ut
907 2235 1085 2274 militaris
1124 2246 1281 2286 quoque
1327 2234 1412 2273 lans
1453 2235 1669 2284 contingat,
1710 2234 1948 2273 contendere
1986 2234 2111 2273 lieeat.

400 2304 661 2343 Scribendnm
694 2308 770 2341 est:
804 2304 889 2342 Hoc
919 2303 1039 2342 milii
1068 2305 1111 2341 si
1136 2303 1254 2341 bene
1284 2304 1391 2351 quis
1417 2303 1542 2351 possit
1569 2302 1806 2340 Homerus
1836 2303 1942 2340 erit.
1994 2302 2111 2340 Dicit:

399 2374 465 2422 qui
496 2372 617 2423 pilum
652 2371 830 2415 deducet,
864 2371 1027 2409 Homeri
1058 2370 1194 2409 laudes
1225 2370 1326 2421 apud
1358 2369 1508 2421 puellas
1541 2374 1579 2407 et
1609 2368 1789 2420 aequabit
1821 2373 1858 2407 et
1889 2369 2111 2420 superabit;

400 2441 447 2479 rs.
482 2453 555 2479 am.
592 2444 626 2483 1,
661 2442 697 2482 8,
730 2441 776 2480 61
813 2441 882 2487 qm·
908 2439 1031 2483 dabit,
1063 2440 1127 2477 ille
1156 2439 1224 2476 tibi
1251 2448 1394 2485 maeno
1421 2439 1470 2475 sit
1499 2438 1626 2475 mm‘or
1654 2437 1841 2482 Homero,
1878 2441 1915 2475 et
1946 2437 1993 2475 ad
2025 2449 2112 2475 sen-

400 2508 562 2547 tentiam
595 2508 708 2544 etiam
741 2507 837 2544 artis
869 2510 913 2550 2,
948 2509 1028 2549 279
1059 2508 1142 2554 ipse
1171 2508 1263 2544 licet
1286 2507 1419 2543 venias
1449 2505 1572 2543 Musis
1599 2506 1820 2548 comitatus,
1854 2504 2040 2551 Homere,
2071 2503 2116 2541 Si

399 2577 499 2614 nillil
527 2576 721 2619 attuleris,
751 2574 842 2623 ibis,
874 2574 1061 2621 Homere,
1089 2573 1216 2620 foras.

455 2692 532 2726 Am.
554 2692 591 2730 3,
614 2692 655 2729 9,
680 2690 739 2724 19:
777 2687 925 2724 Scilicet
947 2699 1053 2724 omne
1073 2699 1227 2724 sacrum
1248 2699 1349 2724 mors
1369 2689 1590 2734 importuna
1605 2686 1808 2734 profanat,

862 2756 1037 2792 Omnibus
1057 2757 1239 2792 obscurus
1258 2757 1360 2791 inicit
1380 2757 1444 2791 illa
1465 2766 1610 2792 manus.
1729 2759 1732 2762 “

512 2845 662 2884 Nollem
684 2844 868 2883 Heinsius
891 2845 1155 2882 coniecturam
1188 2845 1442 2891 obscenas,
1476 2856 1591 2894 quam
1614 2843 1772 2883 Iahnius
1802 2854 1850 2881 ne
1872 2854 2109 2880 commemo-

400 2919 459 2953 rat
480 2914 652 2965 quidem,
685 2913 899 2950 reiecisset.
947 2912 1017 2949 Hie
1039 2924 1116 2950 non
1139 2913 1198 2962 agi
1229 2912 1277 2950 de
1309 2911 1488 2951 obscuris
1519 2912 1657 2950 mortis
1690 2910 1881 2953 manibus,
1916 2920 2015 2958 quae
2046 2921 2109 2947 ve-

401 2995 492 3021 reor
524 2994 572 3020 ne
605 2979 814 3031 exemplis,
856 2979 981 3029 qualia
1022 2984 1113 3017 sunt
1143 2980 1308 3018 obscura
1337 2984 1534 3023 armentu,
1574 2980 1694 3017 vellus
1731 2979 1953 3024 obscurum,
1994 2989 2109 3015 exeu-

401 3050 477 3087 sari
510 3049 668 3087 omnino
699 3052 908 3099 nequeant,
942 3046 1183 3085 demonstrat
1214 3048 1418 3098 proximus
1440 3059 1587 3091 versus,
1621 3057 1699 3095 quo
1731 3057 1839 3084 saera
1870 3050 1995 3083 morte
2027 3044 2110 3095 pol-

401 3118 479 3155 luta
520 3121 558 3154 et
595 3116 797 3167 profanata
843 3115 1122 3165 significantur.
1193 3116 1293 3153 Voce
1333 3116 1518 3153 obscenus
1555 3119 1683 3153 autem
1729 3112 1858 3150 omnia
1904 3113 2029 3150 tristia
2074 3116 2112 3150 et

402 3184 553 3221 funesta
591 3183 753 3222 indicari
792 3184 885 3222 satis
927 3186 1096 3224 consum
1146 3182 1192 3219 rs.
1233 3187 1391 3233 praeter
1431 3187 1585 3220 ceteros
1622 3181 1729 3219 locos
1768 3179 1905 3218 Catulli
1944 3182 2016 3224 64,
2058 3182 2109 3221 20
