2330 3606
409 180 492 221 354
721 183 760 220 H.
792 186 832 219 A.
864 184 998 220 KOCH:
1031 184 1331 220 CONIECTANEA
1363 184 1404 219 IN
1434 183 1600 220 POETAS
1631 184 1826 221 LATINOS.

466 298 561 333 Fast.
586 300 623 340 3,
647 298 732 332 229:
769 296 865 332 Inde
887 298 983 332 diem
1005 308 1102 343 quae
1120 299 1247 343 prima
1271 307 1373 332 meas
1394 297 1588 332 celebrare
1612 296 1799 334 calendas

881 365 1054 401 Oebaliae
1075 370 1216 401 matres
1237 377 1311 401 non
1333 365 1410 400 leve
1432 376 1569 400 munus
1590 365 1739 401 liabent.

521 453 563 490 In
596 451 668 491 hac
699 454 876 491 oratione
909 453 1045 491 Martis
1076 454 1271 491 rationem
1305 465 1508 491 sacrorum
1542 452 1721 491 Calendis
1752 453 1902 492 Martiis
1933 466 1953 491 a
1984 458 2130 492 matro-

407 522 467 558 nis
507 519 582 558 sihi
620 521 813 559 sactorum
853 520 1054 558 reddentis
1091 520 1207 559 verba
1247 532 1348 568 quae
1379 522 1515 568 prima
1558 531 1666 558 meas
1701 521 1903 559 celebrare
1935 520 2132 559 Calendas

406 587 521 638 vulgo
553 593 711 639 recepta
744 587 876 626 multis
908 587 1132 626 nominihus
1165 589 1300 625 vitiosa
1333 592 1435 625 sunt.
1488 587 1675 638 Displicet
1704 588 1876 638 primum
1909 589 2013 639 quod
2045 588 2130 627 dies

405 657 558 708 primus
590 657 735 695 mensis
767 656 1050 706 significatione
1082 668 1159 694 non
1182 655 1310 693 addita
1334 660 1684 698 commemoratur,
1719 654 1859 693 deinde
1881 657 1978 695 mira
2001 660 2128 695 struc-

409 729 494 762 tura
526 725 629 762 diem
659 735 760 772 quae
781 726 937 773 prima,
971 728 1053 761 tum
1085 735 1210 773 genus
1242 723 1473 761 femininum
1506 724 1610 761 vocis
1642 722 1736 767 diei,
1776 728 1979 774 postremo
2019 725 2130 773 quasi

404 792 489 842 ipse
520 796 636 842 poeta
669 792 843 830 vitiosam
885 791 961 828 diei
999 790 1103 829 illius
1141 791 1463 840 significationem
1504 791 1704 840 corrigere
1744 790 1932 835 voluerit,
1972 791 2127 842 apposi-

407 860 522 897 tionis
552 859 638 897 loco
671 859 817 898 adiecta
853 858 969 896 verba
1000 869 1108 897 meas
1136 859 1344 896 calendas.
1403 858 1538 907 Itaque
1571 870 1616 895 ex
1649 870 1694 895 eo
1728 857 1833 907 quod
1871 857 2032 909 plurimi
2063 870 2128 896 co-

405 926 511 966 dices
543 926 707 965 habent:
742 927 844 964 diem
870 928 1102 974 primasque
1128 937 1236 963 meas
1264 925 1500 964 eliciendum
1525 924 1699 964 videtur:
1732 926 1834 964 Inde
1864 926 1966 964 diem
1996 928 2131 964 cele-—

404 995 555 1033 brare
578 1006 727 1033 meum
755 995 1042 1043 primasque
1065 994 1274 1032 Calendas.
1318 992 1467 1031 Primas
1490 992 1678 1031 Calendas
1701 993 1799 1031 dixit
1819 993 1977 1032 Martias
1997 998 2127 1044 poeta,

404 1063 469 1112 qui
508 1063 585 1100 iam
624 1066 713 1100 ante
754 1065 797 1105 3,
834 1065 911 1104 135
953 1061 1198 1112 scripsisset:
1231 1061 1307 1098 heu
1341 1060 1491 1098 dubites
1519 1062 1680 1109 primae
1714 1060 1872 1107 fuerint
1908 1062 2001 1109 quin
2039 1065 2130 1099 ante

405 1130 616 1168 Calendae.
679 1130 781 1167 diem
812 1140 935 1167 meum
967 1128 1136 1179 legimus
1168 1131 1212 1172 3,
1244 1131 1324 1171 234
1362 1130 1436 1166 rite
1465 1130 1596 1166 colunt
1623 1135 1768 1167 matres
1803 1139 1926 1168 sacra
1951 1129 2130 1178 diemque

402 1209 540 1237 meum.

459 1302 554 1338 Fast.
577 1304 620 1347 3,
642 1302 727 1336 593:
771 1301 942 1337 Vincitur
964 1312 1030 1336 ars
1053 1305 1180 1336 vento:
1203 1311 1271 1336 nec
1292 1301 1366 1335 iam
1389 1301 1606 1335 moderator
1626 1300 1784 1336 habenis

884 1369 1031 1404 Vtitur:
1054 1373 1120 1404 aut
1141 1369 1233 1404 votis
1253 1369 1285 1404 is
1305 1379 1454 1414 quoque
1474 1369 1594 1414 poscit
1615 1378 1733 1414 opem.

514 1447 569 1486 Ex
600 1445 672 1485 hac
694 1446 839 1484 codicis
860 1446 1057 1484 Petaviani
1079 1450 1117 1483 et
1138 1445 1403 1496 plurimorum
1426 1444 1591 1483 aliorum
1613 1444 1781 1483 lectione
1804 1444 2024 1483 eruendum
2047 1449 2124 1483 est:

401 1527 426 1553 a
458 1517 551 1554 votis
581 1516 613 1552 is
642 1526 793 1563 quoque
814 1515 943 1562 poscit
972 1525 1094 1562 opem.
1156 1513 1257 1552 Dicit
1287 1517 1422 1564 poeta,
1456 1512 1746 1550 moderatorem
1780 1523 1937 1562 quoque
1968 1525 2046 1551 non
2078 1512 2125 1551 ab

401 1587 484 1621 arte
516 1595 586 1621 sua
617 1582 685 1620 sed
719 1587 759 1620 ut
790 1586 943 1620 ceteros
975 1582 1041 1631 qui
1072 1594 1167 1620 nave
1198 1580 1391 1619 vehantur
1422 1593 1442 1618 a
1473 1581 1571 1618 votis
1594 1592 1709 1630 opem
1730 1592 1915 1630 poscere;
1950 1580 1997 1619 cf.
2021 1580 2122 1619 trist.

403 1656 446 1695 1,
482 1655 552 1694 11,
587 1653 639 1692 22
677 1652 759 1699 ipse
785 1650 1058 1698 gubernator.
1088 1679 1096 1687 .
1126 1678 1135 1687 .
1168 1649 1358 1697 Eaeposcn
1387 1645 1480 1686 volis
1510 1650 1708 1686 immemor
1733 1649 1832 1686 artis
1863 1658 1986 1696 opem.

458 1765 552 1801 Fast.
576 1768 614 1805 3,
636 1768 717 1801 633:
758 1765 890 1801 Omnia
907 1767 1096 1811 promittit
1113 1764 1332 1811 falsumque
1355 1764 1512 1799 Lavinia
1535 1764 1670 1798 vulnus

873 1832 997 1868 Mente
1015 1834 1156 1878 premit
1176 1834 1290 1868 tacita
1311 1832 1597 1877 dissimulatque
1615 1830 1800 1877 fremens.

512 1921 616 1961 Nihil
647 1922 857 1972 proliciunt
888 1922 955 1970 qui
985 1921 1089 1959 vocis
1124 1921 1352 1969 falsumque
1389 1920 1757 1970 interpretationem
1796 1918 1886 1957 inde
1923 1923 2121 1970 repetunt,

401 1989 505 2040 quod
524 1994 685 2028 „temere
717 1993 755 2027 et
786 1990 870 2027 sine
901 2002 1016 2028 causa
1047 1993 1213 2040 angatur
1245 1988 1410 2027 Lavinia.
1463 1988 1645 2026 Profecto
1678 1987 1776 2025 mira
1807 1986 1996 2025 brevitate
2027 1999 2123 2025 usus

401 2062 506 2095 esset
535 2061 670 2108 poeta,
704 2057 736 2095 si
766 2057 805 2095 in
837 2056 1093 2095 describenda
1115 2056 1295 2094 Laviniae
1326 2054 1638 2094 dissimulatione
1660 2056 1816 2093 inanem
1840 2055 1923 2092 eius
1945 2053 2122 2092 dolorem

399 2125 520 2163 fuisse
552 2137 628 2163 una
658 2125 731 2163 ista
765 2137 856 2163 voce
888 2123 1015 2163 addita
1047 2124 1315 2174 significasset.
1378 2124 1430 2162 Ac
1468 2135 1516 2161 ne
1549 2127 1631 2160 erat
1662 2121 1819 2173 quidem
1850 2123 1976 2160 inanis
2008 2121 2122 2160 dolor

400 2193 588 2237 feminae,
622 2203 720 2242 quae
755 2196 793 2230 et
814 2192 974 2231 Didonis
1006 2192 1195 2230 memoria
1228 2197 1267 2229 et
1297 2190 1410 2229 donis
1440 2190 1566 2242 palam
1597 2189 1644 2228 ah
1672 2190 1801 2228 Aenea
1829 2191 1962 2228 Annae
1991 2190 2120 2228 missis

400 2265 624 2310 angeretur.
687 2260 821 2310 Itaque
856 2259 1107 2298 scribendum
1141 2263 1217 2298 est:
1257 2261 1580 2306 clausumque
1612 2258 1776 2295 Lavinia
1816 2259 1954 2295 vulnus
1989 2257 2121 2295 Mente

395 2329 542 2376 premit
570 2329 707 2372 tacita,
739 2328 786 2366 cf.
823 2332 867 2372 4,
901 2330 982 2371 846
1020 2334 1057 2366 et
1087 2329 1264 2365 clausum
1288 2332 1447 2374 pectore
1479 2328 1618 2363 vulnus
1647 2325 1772 2363 habel.

456 2443 549 2478 Fast.
573 2444 611 2482 3,
633 2444 718 2477 715:
759 2443 837 2478 Nec
858 2441 1027 2488 reseram
1051 2442 1240 2487 Semelen,
1263 2442 1314 2477 acl
1333 2452 1445 2487 quam
1468 2441 1542 2475 nisi
1557 2439 1723 2485 fulmina
1743 2450 1869 2475 secum

870 2509 1046 2556 Iuppiter
1067 2510 1242 2556 afferret,
1260 2519 1410 2555 parvus
1430 2509 1584 2543 inermis
1605 2518 1704 2543 eras.

513 2598 592 2637 Nec
614 2609 769 2646 parvus
799 2599 958 2636 inermis
989 2611 1079 2641 nec,
1114 2597 1217 2647 quod
1248 2597 1432 2635 Heinsius
1464 2595 1601 2639 voluit,
1637 2602 1781 2644 partus
1810 2597 1968 2634 inermis
1998 2593 2112 2633 intel-

399 2665 476 2716 legi
505 2677 622 2716 posse
653 2669 760 2703 recte
790 2665 974 2703 iudicavit
1005 2665 1211 2714 Gierigius.
1274 2664 1533 2702 Scribendum
1565 2668 1642 2702 est:
1683 2664 1740 2701 [ια’
1764 2674 1881 2711 quam
1910 2674 1996 2702 eum
2022 2662 2114 2709 ful—

399 2735 506 2771 mina
533 2744 662 2771 secum
688 2733 752 2783 (ita
774 2732 804 2771 T
828 2737 866 2770 et
886 2732 916 2770 E
938 2744 1015 2770 var.
1042 2730 1133 2781 scr.)
1156 2732 1338 2780 Iuppiter
1368 2732 1544 2779 afferret,
1565 2744 1598 2780 p
1608 2743 1632 2769 a
1642 2736 1687 2769 rl
1696 2743 1747 2769 us
1777 2731 1983 2770 acerbus
2007 2740 2112 2768 eras.

402 2801 626 2839 Sententiae
663 2801 715 2838 ita
754 2801 995 2850 reciperatae
1040 2800 1187 2850 optimc
1233 2799 1578 2838 accommodantur
1617 2811 1753 2837 versus
1790 2798 1976 2849 proximi:
2018 2797 2109 2842 Nee,

396 2880 499 2917 puer
526 2873 568 2906 ut
589 2879 721 2917 posses
740 2872 894 2906 maturo
914 2871 1083 2915 tempore
1107 2869 1229 2917 nasci,
1261 2868 1472 2916 Explelum
1496 2868 1630 2916 patrio
1649 2877 1814 2915 corpore
1835 2867 1974 2903 matris
1991 2875 2112 2914 opus,-

401 2937 448 2974 cs.
482 2936 569 2974 fast.
604 2940 647 2980 4,
682 2939 761 2978 647
792 2941 830 2974 el
853 2946 974 2984 pecus
1005 2940 1094 2973 ante
1125 2936 1225 2974 dlem
1251 2940 1392 2984 partus
1418 2935 1556 2973 edebat
1586 2934 1757 2973 acerbos.

455 3051 546 3086 Fast.
570 3053 610 3090 4,
634 3052 716 3086 135:
757 3051 887 3086 Aurea
908 3060 1118 3085 marmoreo
1139 3051 1362 3086 redimicula
1381 3050 1509 3085 solvite
1529 3050 1640 3091 collo,

868 3117 1011 3154 Demite
1031 3118 1203 3153 divilias:
1226 3122 1303 3153 loca
1322 3118 1486 3153 lavanda
1508 3118 1579 3152 dea
1599 3120 1664 3151 est.

511 3206 618 3252 Quae
649 3205 710 3245 hic
741 3206 836 3245 deae
867 3205 971 3244 demi
1000 3204 1184 3245 iubentur
1214 3204 1442 3244 redimicula
1473 3208 1511 3242 et
1539 3203 1656 3242 flores
1686 3203 1912 3241 de‘z‘iliarum
1949 3203 2107 3243 nomine
