<?xml version="1.0" encoding="UTF-8"?>
<!DOCTYPE html PUBLIC "-//W3C//DTD XHTML 1.0 Transitional//EN"
    "http://www.w3.org/TR/xhtml1/DTD/xhtml1-transitional.dtd">
<html xmlns="http://www.w3.org/1999/xhtml" xml:lang="en" lang="en">
 <head>
  <title>
</title>
<meta http-equiv="Content-Type" content="text/html;charset=utf-8" />
  <meta name='ocr-system' content='tesseract 3.04.00' />
  <meta name='ocr-capabilities' content='ocr_page ocr_carea ocr_par ocr_line ocrx_word'/>
</head>
<body>
  <div class='ocr_page' id='page_1' title='image "./symbolaphilologo01ritsuoft_0381.png"; bbox 0 0 2330 3606; ppageno 0'>
   <div class='ocr_carea' id='block_1_1' title="bbox 475 180 1893 225">
    <p class='ocr_par' dir='ltr' id='par_1_1' title="bbox 475 180 1893 225">
     <span class='ocr_line' id='line_1_1' title="bbox 475 180 1893 225; baseline -0.002 -1"><span class='ocrx_word' id='word_1_1' title='bbox 475 190 513 225; x_wconf 88' lang='lat' dir='ltr'><strong>H.</strong></span> <span class='ocrx_word' id='word_1_2' title='bbox 545 191 584 224; x_wconf 89' lang='lat' dir='ltr'><strong>A.</strong></span> <span class='ocrx_word' id='word_1_3' title='bbox 618 188 749 224; x_wconf 84' lang='lat' dir='ltr'><strong>KOCH:</strong></span> <span class='ocrx_word' id='word_1_4' title='bbox 783 187 1081 223; x_wconf 80' lang='lat' dir='ltr'><strong>CONIECTANEA</strong></span> <span class='ocrx_word' id='word_1_5' title='bbox 1111 187 1153 221; x_wconf 89' lang='lat' dir='ltr'><strong>IN</strong></span> <span class='ocrx_word' id='word_1_6' title='bbox 1184 186 1350 221; x_wconf 82' lang='lat' dir='ltr'>POETAS</span> <span class='ocrx_word' id='word_1_7' title='bbox 1381 186 1577 222; x_wconf 79' lang='lat' dir='ltr'><strong>LATINOS.</strong></span> <span class='ocrx_word' id='word_1_8' title='bbox 1812 180 1893 221; x_wconf 75' lang='lat'><strong>355</strong></span> 
     </span>
    </p>
   </div>
   <div class='ocr_carea' id='block_1_2' title="bbox 180 295 1898 618">
    <p class='ocr_par' dir='ltr' id='par_1_2' title="bbox 180 295 1898 618">
     <span class='ocr_line' id='line_1_2' title="bbox 189 295 1893 352; baseline -0.004 -12"><span class='ocrx_word' id='word_1_9' title='bbox 189 301 397 352; x_wconf 81' lang='lat' dir='ltr'><strong>significari</strong></span> <span class='ocrx_word' id='word_1_10' title='bbox 426 303 639 348; x_wconf 86' lang='lat' dir='ltr'><strong>nequeunt.</strong></span> <span class='ocrx_word' id='word_1_11' title='bbox 702 297 961 336; x_wconf 87' lang='lat' dir='ltr'><strong>Scribendum</strong></span> <span class='ocrx_word' id='word_1_12' title='bbox 994 301 1071 335; x_wconf 88' lang='lat' dir='ltr'><strong>est:</strong></span> <span class='ocrx_word' id='word_1_13' title='bbox 1115 297 1260 334; x_wconf 74' lang='lat' dir='ltr'><strong>Demz&#39;te</strong></span> <span class='ocrx_word' id='word_1_14' title='bbox 1299 297 1530 341; x_wconf 71' lang='lat' dir='ltr'><strong>delicias,</strong></span> <span class='ocrx_word' id='word_1_15' title='bbox 1571 297 1619 334; x_wconf 86' lang='lat' dir='ltr'><strong>cf.</strong></span> <span class='ocrx_word' id='word_1_16' title='bbox 1661 295 1799 334; x_wconf 83' lang='lat' dir='ltr'><strong>Catulli</strong></span> <span class='ocrx_word' id='word_1_17' title='bbox 1829 298 1893 339; x_wconf 89' lang='lat'><strong>66,</strong></span> 
     </span>
     <span class='ocr_line' id='line_1_3' title="bbox 189 364 1897 412; baseline -0.004 -6"><span class='ocrx_word' id='word_1_18' title='bbox 189 372 241 411; x_wconf 90' lang='grc'><strong>24</strong></span> <span class='ocrx_word' id='word_1_19' title='bbox 278 379 353 406; x_wconf 86' lang='lat' dir='ltr'><strong>non</strong></span> <span class='ocrx_word' id='word_1_20' title='bbox 383 369 419 406; x_wconf 74' lang='lat' dir='ltr'><strong>si</strong></span> <span class='ocrx_word' id='word_1_21' title='bbox 446 369 552 405; x_wconf 75' lang='lat' dir='ltr'><strong>illam</strong></span> <span class='ocrx_word' id='word_1_22' title='bbox 581 378 704 404; x_wconf 81' lang='lat' dir='ltr'><strong>rarae</strong></span> <span class='ocrx_word' id='word_1_23' title='bbox 732 365 948 412; x_wconf 76' lang='lat' dir='ltr'><em>labefactes</em></span> <span class='ocrx_word' id='word_1_24' title='bbox 975 376 1134 402; x_wconf 85' lang='lat' dir='ltr'><strong>munere</strong></span> <span class='ocrx_word' id='word_1_25' title='bbox 1159 366 1271 401; x_wconf 73' lang='lat' dir='ltr'><strong>vestis</strong></span> <span class='ocrx_word' id='word_1_26' title='bbox 1302 365 1378 402; x_wconf 71' lang='lat' dir='ltr'><strong>Aut</strong></span> <span class='ocrx_word' id='word_1_27' title='bbox 1391 365 1636 412; x_wconf 71' lang='lat' dir='ltr'><strong>perluciduli</strong></span> <span class='ocrx_word' id='word_1_28' title='bbox 1654 364 1803 401; x_wconf 74' lang='lat' dir='ltr'><strong>deliciis</strong></span> <span class='ocrx_word' id='word_1_29' title='bbox 1829 365 1897 400; x_wconf 80' lang='lat' dir='ltr'><strong>la-</strong></span> 
     </span>
     <span class='ocr_line' id='line_1_4' title="bbox 180 430 1898 486; baseline -0.003 -12"><span class='ocrx_word' id='word_1_30' title='bbox 180 437 303 486; x_wconf 68' lang='lat' dir='ltr'><strong>pidis.</strong></span> <span class='ocrx_word' id='word_1_31' title='bbox 362 435 600 473; x_wconf 83' lang='lat' dir='ltr'><strong>Mutatorum</strong></span> <span class='ocrx_word' id='word_1_32' title='bbox 630 432 772 471; x_wconf 89' lang='lat' dir='ltr'><strong>horum</strong></span> <span class='ocrx_word' id='word_1_33' title='bbox 803 431 1082 471; x_wconf 80' lang='lat' dir='ltr'><strong>vocabulorum</strong></span> <span class='ocrx_word' id='word_1_34' title='bbox 1116 430 1339 482; x_wconf 85' lang='lat' dir='ltr'><strong>exemplum</strong></span> <span class='ocrx_word' id='word_1_35' title='bbox 1377 431 1477 482; x_wconf 84' lang='lat' dir='ltr'><strong>apud</strong></span> <span class='ocrx_word' id='word_1_36' title='bbox 1511 431 1740 470; x_wconf 82' lang='lat' dir='ltr'>Ciceronem</span> <span class='ocrx_word' id='word_1_37' title='bbox 1772 442 1898 481; x_wconf 84' lang='lat' dir='ltr'>nuper</span> 
     </span>
     <span class='ocr_line' id='line_1_5' title="bbox 189 499 1898 550; baseline -0.004 -8"><span class='ocrx_word' id='word_1_38' title='bbox 189 504 318 542; x_wconf 81' lang='lat' dir='ltr'><strong>notavi</strong></span> <span class='ocrx_word' id='word_1_39' title='bbox 351 514 450 540; x_wconf 87' lang='lat' dir='ltr'><strong>mus.</strong></span> <span class='ocrx_word' id='word_1_40' title='bbox 483 500 594 540; x_wconf 89' lang='lat' dir='ltr'><strong>rhen.</strong></span> <span class='ocrx_word' id='word_1_41' title='bbox 632 505 681 543; x_wconf 87' lang='lat'><strong>17</strong></span> <span class='ocrx_word' id='word_1_42' title='bbox 712 512 749 550; x_wconf 93' lang='lat' dir='ltr'><strong>p.</strong></span> <span class='ocrx_word' id='word_1_43' title='bbox 785 503 884 544; x_wconf 81' lang='lat'><strong>316;</strong></span> <span class='ocrx_word' id='word_1_44' title='bbox 919 499 1085 538; x_wconf 81' lang='lat' dir='ltr'><strong>alterum</strong></span> <span class='ocrx_word' id='word_1_45' title='bbox 1118 504 1242 538; x_wconf 80' lang='lat' dir='ltr'><strong>exstat</strong></span> <span class='ocrx_word' id='word_1_46' title='bbox 1273 499 1375 550; x_wconf 85' lang='lat' dir='ltr'><strong>apud</strong></span> <span class='ocrx_word' id='word_1_47' title='bbox 1407 499 1657 549; x_wconf 78' lang='lat' dir='ltr'>Propertium</span> <span class='ocrx_word' id='word_1_48' title='bbox 1689 503 1733 542; x_wconf 85' lang='lat'><strong>5,</strong></span> <span class='ocrx_word' id='word_1_49' title='bbox 1768 502 1812 542; x_wconf 83' lang='lat'><strong>4,</strong></span> <span class='ocrx_word' id='word_1_50' title='bbox 1847 500 1898 540; x_wconf 87' lang='lat'><strong>76</strong></span> 
     </span>
     <span class='ocr_line' id='line_1_6' title="bbox 188 566 1629 618; baseline -0.003 -10"><span class='ocrx_word' id='word_1_51' title='bbox 188 581 275 609; x_wconf 87' lang='lat' dir='ltr'><strong>cum</strong></span> <span class='ocrx_word' id='word_1_52' title='bbox 299 580 467 618; x_wconf 72' lang='lat' dir='ltr'><strong>payana</strong></span> <span class='ocrx_word' id='word_1_53' title='bbox 492 570 651 607; x_wconf 80' lang='lat' dir='ltr'><strong>madent</strong></span> <span class='ocrx_word' id='word_1_54' title='bbox 670 568 832 615; x_wconf 82' lang='lat' dir='ltr'><strong>fercula</strong></span> <span class='ocrx_word' id='word_1_55' title='bbox 863 568 1030 605; x_wconf 70' lang='lat' dir='ltr'><strong>deliciis.</strong></span> <span class='ocrx_word' id='word_1_56' title='bbox 1064 566 1130 605; x_wconf 87' lang='lat' dir='ltr'><strong>ubi</strong></span> <span class='ocrx_word' id='word_1_57' title='bbox 1162 566 1261 605; x_wconf 84' lang='lat' dir='ltr'><strong>GNR</strong></span> <span class='ocrx_word' id='word_1_58' title='bbox 1294 566 1438 605; x_wconf 83' lang='lat' dir='ltr'><strong>hahent</strong></span> <span class='ocrx_word' id='word_1_59' title='bbox 1470 567 1629 604; x_wconf 56' lang='lat' dir='ltr'><strong>diuitis&amp;</strong></span> 
     </span>
    </p>
   </div>
   <div class='ocr_carea' id='block_1_3' title="bbox 245 693 1633 807">
    <p class='ocr_par' dir='ltr' id='par_1_3' title="bbox 245 693 1633 807">
     <span class='ocr_line' id='line_1_7' title="bbox 245 693 1633 740; baseline -0.004 -8"><span class='ocrx_word' id='word_1_60' title='bbox 245 697 340 732; x_wconf 77' lang='lat' dir='ltr'><strong>Fast.</strong></span> <span class='ocrx_word' id='word_1_61' title='bbox 362 699 402 735; x_wconf 76' lang='lat'><strong>4,</strong></span> <span class='ocrx_word' id='word_1_62' title='bbox 424 696 507 730; x_wconf 82' lang='lat'>519:</span> <span class='ocrx_word' id='word_1_63' title='bbox 546 693 683 740; x_wconf 78' lang='lat' dir='ltr'><em>Sospes</em></span> <span class='ocrx_word' id='word_1_64' title='bbox 704 704 770 729; x_wconf 85' lang='lat' dir='ltr'><strong>eas</strong></span> <span class='ocrx_word' id='word_1_65' title='bbox 791 703 1013 739; x_wconf 76' lang='lat' dir='ltr'><em>semperque</em></span> <span class='ocrx_word' id='word_1_66' title='bbox 1031 703 1187 738; x_wconf 82' lang='lat' dir='ltr'><strong>parens.</strong></span> <span class='ocrx_word' id='word_1_67' title='bbox 1222 693 1312 728; x_wconf 77' lang='lat' dir='ltr'><strong>mihi</strong></span> <span class='ocrx_word' id='word_1_68' title='bbox 1326 694 1407 738; x_wconf 80' lang='lat' dir='ltr'><strong>filia</strong></span> <span class='ocrx_word' id='word_1_69' title='bbox 1429 697 1542 739; x_wconf 82' lang='lat' dir='ltr'><strong>rapta</strong></span> <span class='ocrx_word' id='word_1_70' title='bbox 1567 697 1633 727; x_wconf 84' lang='lat' dir='ltr'><strong>est.</strong></span> 
     </span>
     <span class='ocr_line' id='line_1_8' title="bbox 660 760 1584 807; baseline -0.002 -11"><span class='ocrx_word' id='word_1_71' title='bbox 660 760 766 803; x_wconf 83' lang='lat' dir='ltr'><strong>Heu,</strong></span> <span class='ocrx_word' id='word_1_72' title='bbox 790 762 920 796; x_wconf 84' lang='lat' dir='ltr'><strong>melior</strong></span> <span class='ocrx_word' id='word_1_73' title='bbox 941 764 1081 807; x_wconf 82' lang='lat' dir='ltr'><strong>quanto</strong></span> <span class='ocrx_word' id='word_1_74' title='bbox 1102 771 1186 795; x_wconf 89' lang='lat' dir='ltr'><strong>sors</strong></span> <span class='ocrx_word' id='word_1_75' title='bbox 1207 765 1270 796; x_wconf 84' lang='lat' dir='ltr'><strong>tua</strong></span> <span class='ocrx_word' id='word_1_76' title='bbox 1292 765 1393 796; x_wconf 82' lang='lat' dir='ltr'><em>sorte</em></span> <span class='ocrx_word' id='word_1_77' title='bbox 1415 771 1497 795; x_wconf 87' lang='lat' dir='ltr'><strong>mea</strong></span> <span class='ocrx_word' id='word_1_78' title='bbox 1519 764 1584 795; x_wconf 80' lang='lat' dir='ltr'><strong>est.</strong></span> 
     </span>
    </p>
   </div>
   <div class='ocr_carea' id='block_1_4' title="bbox 188 846 1913 1570">
    <p class='ocr_par' dir='ltr' id='par_1_4' title="bbox 188 846 1913 1570">
     <span class='ocr_line' id='line_1_9' title="bbox 301 846 1904 900; baseline -0.003 -11"><span class='ocrx_word' id='word_1_79' title='bbox 301 853 479 899; x_wconf 73' lang='lat' dir='ltr'><strong>sospitem</strong></span> <span class='ocrx_word' id='word_1_80' title='bbox 508 852 566 888; x_wconf 74' lang='lat' dir='ltr'><strong>ire</strong></span> <span class='ocrx_word' id='word_1_81' title='bbox 596 861 667 900; x_wconf 92' lang='lat' dir='ltr'><strong>pro</strong></span> <span class='ocrx_word' id='word_1_82' title='bbox 698 851 876 897; x_wconf 73' lang='lat' dir='ltr'><strong>sospitem</strong></span> <span class='ocrx_word' id='word_1_83' title='bbox 904 861 986 887; x_wconf 86' lang='lat' dir='ltr'><strong>esse</strong></span> <span class='ocrx_word' id='word_1_84' title='bbox 1017 849 1104 898; x_wconf 88' lang='lat' dir='ltr'><strong>quis</strong></span> <span class='ocrx_word' id='word_1_85' title='bbox 1135 848 1294 892; x_wconf 82' lang='lat' dir='ltr'><strong>dixerit,</strong></span> <span class='ocrx_word' id='word_1_86' title='bbox 1328 849 1472 886; x_wconf 86' lang='lat' dir='ltr'><strong>nescio.</strong></span> <span class='ocrx_word' id='word_1_87' title='bbox 1532 847 1668 887; x_wconf 87' lang='lat' dir='ltr'><strong>Ovidio</strong></span> <span class='ocrx_word' id='word_1_88' title='bbox 1704 852 1810 885; x_wconf 88' lang='lat' dir='ltr'><strong>certe</strong></span> <span class='ocrx_word' id='word_1_89' title='bbox 1842 846 1904 884; x_wconf 86' lang='lat' dir='ltr'><strong>hic</strong></span> 
     </span>
     <span class='ocr_line' id='line_1_10' title="bbox 192 914 1906 967; baseline -0.004 -10"><span class='ocrx_word' id='word_1_90' title='bbox 192 932 237 957; x_wconf 86' lang='lat' dir='ltr'><strong>eo</strong></span> <span class='ocrx_word' id='word_1_91' title='bbox 269 919 400 957; x_wconf 87' lang='lat' dir='ltr'><strong>minus</strong></span> <span class='ocrx_word' id='word_1_92' title='bbox 429 918 481 956; x_wconf 84' lang='lat' dir='ltr'><strong>ita</strong></span> <span class='ocrx_word' id='word_1_93' title='bbox 513 916 644 954; x_wconf 82' lang='lat' dir='ltr'><strong>dicere</strong></span> <span class='ocrx_word' id='word_1_94' title='bbox 675 915 802 960; x_wconf 87' lang='lat' dir='ltr'><strong>licuit,</strong></span> <span class='ocrx_word' id='word_1_95' title='bbox 843 916 946 965; x_wconf 86' lang='lat' dir='ltr'><strong>quod</strong></span> <span class='ocrx_word' id='word_1_96' title='bbox 985 917 1119 967; x_wconf 81' lang='lat' dir='ltr'><strong>paucis</strong></span> <span class='ocrx_word' id='word_1_97' title='bbox 1156 914 1335 954; x_wconf 80' lang='lat' dir='ltr'><strong>versibus</strong></span> <span class='ocrx_word' id='word_1_98' title='bbox 1373 922 1461 966; x_wconf 87' lang='lat' dir='ltr'><strong>post</strong></span> <span class='ocrx_word' id='word_1_99' title='bbox 1490 915 1633 965; x_wconf 80' lang='lat' dir='ltr'><strong>legitur</strong></span> <span class='ocrx_word' id='word_1_100' title='bbox 1663 927 1696 953; x_wconf 74' lang='lat' dir='ltr'><strong>V.</strong></span> <span class='ocrx_word' id='word_1_101' title='bbox 1731 917 1811 957; x_wconf 83' lang='lat'><strong>525</strong></span> <span class='ocrx_word' id='word_1_102' title='bbox 1850 916 1906 952; x_wconf 77' lang='lat' dir='ltr'><strong>sic</strong></span> 
     </span>
     <span class='ocr_line' id='line_1_11' title="bbox 191 982 1904 1034; baseline -0.002 -10"><span class='ocrx_word' id='word_1_103' title='bbox 191 987 259 1024; x_wconf 75' lang='lat' dir='ltr'><strong>cibi</strong></span> <span class='ocrx_word' id='word_1_104' title='bbox 294 1009 339 1013; x_wconf 95' lang='lat'>—</span> <span class='ocrx_word' id='word_1_105' title='bbox 379 988 428 1023; x_wconf 68' lang='lat' dir='ltr'><strong>sit</strong></span> <span class='ocrx_word' id='word_1_106' title='bbox 453 987 538 1033; x_wconf 70' lang='lat' dir='ltr'><strong>filia</strong></span> <span class='ocrx_word' id='word_1_107' title='bbox 565 996 707 1033; x_wconf 79' lang='lat' dir='ltr'><strong>sospes.</strong></span> <span class='ocrx_word' id='word_1_108' title='bbox 772 983 848 1021; x_wconf 89' lang='lat' dir='ltr'><strong>Sed</strong></span> <span class='ocrx_word' id='word_1_109' title='bbox 886 984 1153 1022; x_wconf 74' lang='lat' dir='ltr'><strong>coniunctivus</strong></span> <span class='ocrx_word' id='word_1_110' title='bbox 1183 995 1252 1021; x_wconf 84' lang='lat' dir='ltr'><strong>eas</strong></span> <span class='ocrx_word' id='word_1_111' title='bbox 1285 995 1333 1021; x_wconf 79' lang='lat' dir='ltr'><strong>ne</strong></span> <span class='ocrx_word' id='word_1_112' title='bbox 1366 984 1546 1034; x_wconf 84' lang='lat' dir='ltr'><strong>proximo</strong></span> <span class='ocrx_word' id='word_1_113' title='bbox 1585 982 1742 1034; x_wconf 88' lang='lat' dir='ltr'><strong>quidem</strong></span> <span class='ocrx_word' id='word_1_114' title='bbox 1781 994 1904 1021; x_wconf 90' lang='lat' dir='ltr'><strong>enun-</strong></span> 
     </span>
     <span class='ocr_line' id='line_1_12' title="bbox 190 1049 1907 1103; baseline -0.003 -11"><span class='ocrx_word' id='word_1_115' title='bbox 190 1055 305 1098; x_wconf 84' lang='lat' dir='ltr'><strong>tiato,</strong></span> <span class='ocrx_word' id='word_1_116' title='bbox 347 1065 424 1103; x_wconf 91' lang='lat' dir='ltr'><strong>quo</strong></span> <span class='ocrx_word' id='word_1_117' title='bbox 464 1052 511 1091; x_wconf 85' lang='lat' dir='ltr'><strong>ad</strong></span> <span class='ocrx_word' id='word_1_118' title='bbox 541 1051 765 1091; x_wconf 80' lang='lat' dir='ltr'><strong>felicitatem</strong></span> <span class='ocrx_word' id='word_1_119' title='bbox 795 1052 900 1089; x_wconf 88' lang='lat' dir='ltr'><strong>senis</strong></span> <span class='ocrx_word' id='word_1_120' title='bbox 930 1051 1033 1089; x_wconf 86' lang='lat' dir='ltr'><strong>illius</strong></span> <span class='ocrx_word' id='word_1_121' title='bbox 1071 1051 1325 1100; x_wconf 83' lang='lat' dir='ltr'><strong>significatam</strong></span> <span class='ocrx_word' id='word_1_122' title='bbox 1356 1051 1587 1101; x_wconf 80' lang='lat' dir='ltr'><strong>respicitur,</strong></span> <span class='ocrx_word' id='word_1_123' title='bbox 1619 1049 1907 1088; x_wconf 79' lang='lat' dir='ltr'><strong>accommodari</strong></span> 
     </span>
     <span class='ocr_line' id='line_1_13' title="bbox 192 1118 1907 1171; baseline -0.003 -12"><span class='ocrx_word' id='word_1_124' title='bbox 192 1126 332 1171; x_wconf 89' lang='lat' dir='ltr'><strong>potest.</strong></span> <span class='ocrx_word' id='word_1_125' title='bbox 393 1120 527 1171; x_wconf 84' lang='lat' dir='ltr'><strong>Itaque</strong></span> <span class='ocrx_word' id='word_1_126' title='bbox 566 1119 817 1159; x_wconf 86' lang='lat' dir='ltr'><strong>scribendum</strong></span> <span class='ocrx_word' id='word_1_127' title='bbox 858 1124 916 1157; x_wconf 87' lang='lat' dir='ltr'><strong>est</strong></span> <span class='ocrx_word' id='word_1_128' title='bbox 946 1119 1086 1167; x_wconf 76' lang='lat' dir='ltr'><strong>Sospes</strong></span> <span class='ocrx_word' id='word_1_129' title='bbox 1115 1120 1231 1165; x_wconf 75' lang='lat' dir='ltr'><strong>eris,</strong></span> <span class='ocrx_word' id='word_1_130' title='bbox 1271 1118 1318 1156; x_wconf 86' lang='lat' dir='ltr'><strong>cf.</strong></span> <span class='ocrx_word' id='word_1_131' title='bbox 1362 1118 1475 1155; x_wconf 81' lang='lat' dir='ltr'><strong>etiam</strong></span> <span class='ocrx_word' id='word_1_132' title='bbox 1514 1118 1600 1156; x_wconf 83' lang='lat' dir='ltr'><strong>fast.</strong></span> <span class='ocrx_word' id='word_1_133' title='bbox 1634 1121 1678 1162; x_wconf 90' lang='lat'><strong>6,</strong></span> <span class='ocrx_word' id='word_1_134' title='bbox 1712 1120 1791 1159; x_wconf 87' lang='grc'><strong>220</strong></span> <span class='ocrx_word' id='word_1_135' title='bbox 1830 1129 1907 1165; x_wconf 80' lang='lat' dir='ltr'><strong>qaa</strong></span> 
     </span>
     <span class='ocr_line' id='line_1_14' title="bbox 188 1184 1906 1236; baseline -0.002 -10"><span class='ocrx_word' id='word_1_136' title='bbox 188 1189 296 1235; x_wconf 73' lang='lat' dir='ltr'><strong>felix</strong></span> <span class='ocrx_word' id='word_1_137' title='bbox 324 1190 464 1236; x_wconf 73' lang='lat' dir='ltr'><strong>sospite</strong></span> <span class='ocrx_word' id='word_1_138' title='bbox 490 1199 644 1236; x_wconf 82' lang='lat' dir='ltr'><em>semper</em></span> <span class='ocrx_word' id='word_1_139' title='bbox 673 1198 752 1225; x_wconf 86' lang='lat' dir='ltr'><strong>ero.</strong></span> <span class='ocrx_word' id='word_1_140' title='bbox 795 1186 1043 1225; x_wconf 80' lang='lat' dir='ltr'><strong>Contrarium</strong></span> <span class='ocrx_word' id='word_1_141' title='bbox 1074 1187 1206 1224; x_wconf 75' lang='lat' dir='ltr'><strong>vitium</strong></span> <span class='ocrx_word' id='word_1_142' title='bbox 1238 1186 1471 1224; x_wconf 84' lang='lat' dir='ltr'><strong>novissimus</strong></span> <span class='ocrx_word' id='word_1_143' title='bbox 1504 1184 1630 1224; x_wconf 83' lang='lat' dir='ltr'><strong>editor</strong></span> <span class='ocrx_word' id='word_1_144' title='bbox 1660 1185 1790 1224; x_wconf 87' lang='lat' dir='ltr'><strong>intulit</strong></span> <span class='ocrx_word' id='word_1_145' title='bbox 1820 1186 1906 1223; x_wconf 80' lang='lat' dir='ltr'><strong>fast.</strong></span> 
     </span>
     <span class='ocr_line' id='line_1_15' title="bbox 194 1252 1907 1304; baseline -0.002 -11"><span class='ocrx_word' id='word_1_146' title='bbox 194 1259 238 1300; x_wconf 87' lang='lat'><strong>3,</strong></span> <span class='ocrx_word' id='word_1_147' title='bbox 269 1259 321 1299; x_wconf 87' lang='lat'><strong>76</strong></span> <span class='ocrx_word' id='word_1_148' title='bbox 355 1257 508 1304; x_wconf 74' lang='lat' dir='ltr'><strong>primas</strong></span> <span class='ocrx_word' id='word_1_149' title='bbox 539 1256 586 1293; x_wconf 81' lang='lat' dir='ltr'><strong>de</strong></span> <span class='ocrx_word' id='word_1_150' title='bbox 614 1256 745 1303; x_wconf 74' lang='lat' dir='ltr'><strong>patrio</strong></span> <span class='ocrx_word' id='word_1_151' title='bbox 770 1256 922 1292; x_wconf 74' lang='lat' dir='ltr'><strong>nomine</strong></span> <span class='ocrx_word' id='word_1_152' title='bbox 952 1256 1092 1292; x_wconf 78' lang='lat' dir='ltr'><em>mensis</em></span> <span class='ocrx_word' id='word_1_153' title='bbox 1117 1256 1209 1294; x_wconf 78' lang='lat' dir='ltr'><strong>ere&#39;l,</strong></span> <span class='ocrx_word' id='word_1_154' title='bbox 1243 1252 1309 1291; x_wconf 83' lang='lat' dir='ltr'><strong>uhi</strong></span> <span class='ocrx_word' id='word_1_155' title='bbox 1333 1258 1440 1291; x_wconf 73' lang='lat' dir='ltr'><strong>recte</strong></span> <span class='ocrx_word' id='word_1_156' title='bbox 1464 1252 1790 1291; x_wconf 82' lang='lat' dir='ltr'><strong>Mitscherlichius</strong></span> <span class='ocrx_word' id='word_1_157' title='bbox 1820 1264 1907 1291; x_wconf 89' lang='lat' dir='ltr'><strong>cum</strong></span> 
     </span>
     <span class='ocr_line' id='line_1_16' title="bbox 193 1321 1912 1373; baseline -0.003 -12"><span class='ocrx_word' id='word_1_158' title='bbox 193 1323 351 1361; x_wconf 86' lang='lat' dir='ltr'><strong>Heinsio</strong></span> <span class='ocrx_word' id='word_1_159' title='bbox 382 1328 445 1361; x_wconf 83' lang='lat' dir='ltr'><strong>eal</strong></span> <span class='ocrx_word' id='word_1_160' title='bbox 474 1323 639 1373; x_wconf 75' lang='lat' dir='ltr'><strong>scripsit.</strong></span> <span class='ocrx_word' id='word_1_161' title='bbox 701 1321 879 1360; x_wconf 86' lang='lat' dir='ltr'><strong>Eundem</strong></span> <span class='ocrx_word' id='word_1_162' title='bbox 910 1321 1114 1359; x_wconf 88' lang='lat' dir='ltr'><strong>Heinsium</strong></span> <span class='ocrx_word' id='word_1_163' title='bbox 1154 1326 1260 1359; x_wconf 87' lang='lat' dir='ltr'><strong>recte</strong></span> <span class='ocrx_word' id='word_1_164' title='bbox 1292 1325 1515 1359; x_wconf 88' lang='lat' dir='ltr'><strong>monentem</strong></span> <span class='ocrx_word' id='word_1_165' title='bbox 1549 1323 1592 1361; x_wconf 85' lang='grc'><strong>2.</strong></span> <span class='ocrx_word' id='word_1_166' title='bbox 1627 1324 1650 1362; x_wconf 83' lang='grc'>2</span> <span class='ocrx_word' id='word_1_167' title='bbox 1683 1323 1783 1358; x_wconf 77' lang='lat' dir='ltr'><strong>aller</strong></span> <span class='ocrx_word' id='word_1_168' title='bbox 1813 1325 1854 1357; x_wconf 79' lang='lat' dir='ltr'><strong>ut</strong></span> <span class='ocrx_word' id='word_1_169' title='bbox 1883 1322 1912 1357; x_wconf 73' lang='lat' dir='ltr'><strong>a</strong></span> 
     </span>
     <span class='ocr_line' id='line_1_17' title="bbox 193 1387 1910 1438; baseline -0.002 -9"><span class='ocrx_word' id='word_1_170' title='bbox 193 1393 354 1438; x_wconf 72' lang='lat' dir='ltr'><strong>mensis,</strong></span> <span class='ocrx_word' id='word_1_171' title='bbox 385 1393 441 1428; x_wconf 71' lang='lat' dir='ltr'><strong>sic</strong></span> <span class='ocrx_word' id='word_1_172' title='bbox 473 1391 569 1428; x_wconf 76' lang='lat' dir='ltr'><strong>liber</strong></span> <span class='ocrx_word' id='word_1_173' title='bbox 601 1392 701 1427; x_wconf 78' lang='lat' dir='ltr'><strong>alter</strong></span> <span class='ocrx_word' id='word_1_174' title='bbox 732 1394 797 1426; x_wconf 85' lang='lat' dir='ltr'><strong>eat</strong></span> <span class='ocrx_word' id='word_1_175' title='bbox 825 1388 1034 1438; x_wconf 84' lang='lat' dir='ltr'><strong>legendum</strong></span> <span class='ocrx_word' id='word_1_176' title='bbox 1068 1401 1151 1426; x_wconf 80' lang='lat' dir='ltr'><strong>esse</strong></span> <span class='ocrx_word' id='word_1_177' title='bbox 1191 1389 1313 1426; x_wconf 88' lang='lat' dir='ltr'><strong>miror</strong></span> <span class='ocrx_word' id='word_1_178' title='bbox 1352 1387 1456 1437; x_wconf 88' lang='lat' dir='ltr'><strong>quod</strong></span> <span class='ocrx_word' id='word_1_179' title='bbox 1496 1400 1544 1425; x_wconf 88' lang='lat' dir='ltr'><strong>ne</strong></span> <span class='ocrx_word' id='word_1_180' title='bbox 1583 1387 1910 1426; x_wconf 86' lang='lat' dir='ltr'><strong>Mitscherlichius</strong></span> 
     </span>
     <span class='ocr_line' id='line_1_18' title="bbox 194 1455 1913 1508; baseline -0.003 -11"><span class='ocrx_word' id='word_1_181' title='bbox 194 1458 352 1508; x_wconf 84' lang='lat' dir='ltr'><strong>quidem</strong></span> <span class='ocrx_word' id='word_1_182' title='bbox 384 1462 541 1497; x_wconf 84' lang='lat' dir='ltr'><strong>secutus</strong></span> <span class='ocrx_word' id='word_1_183' title='bbox 573 1462 642 1495; x_wconf 88' lang='lat' dir='ltr'><strong>est.</strong></span> <span class='ocrx_word' id='word_1_184' title='bbox 703 1456 759 1495; x_wconf 88' lang='lat' dir='ltr'><strong>Ad</strong></span> <span class='ocrx_word' id='word_1_185' title='bbox 790 1458 819 1494; x_wconf 77' lang='lat' dir='ltr'><strong>a</strong></span> <span class='ocrx_word' id='word_1_186' title='bbox 848 1455 1137 1494; x_wconf 85' lang='lat' dir='ltr'><strong>defendendum</strong></span> <span class='ocrx_word' id='word_1_187' title='bbox 1169 1455 1295 1494; x_wconf 82' lang='lat' dir='ltr'><strong>attulit</strong></span> <span class='ocrx_word' id='word_1_188' title='bbox 1326 1455 1508 1493; x_wconf 85' lang='lat' dir='ltr'><strong>Heinsius</strong></span> <span class='ocrx_word' id='word_1_189' title='bbox 1540 1459 1583 1499; x_wconf 87' lang='lat'><strong>3,</strong></span> <span class='ocrx_word' id='word_1_190' title='bbox 1619 1460 1718 1498; x_wconf 82' lang='lat'>145;</span> <span class='ocrx_word' id='word_1_191' title='bbox 1758 1460 1913 1506; x_wconf 83' lang='lat' dir='ltr'><strong>poterat</strong></span> 
     </span>
     <span class='ocr_line' id='line_1_19' title="bbox 195 1526 829 1570; baseline 0.003 -7"><span class='ocrx_word' id='word_1_192' title='bbox 195 1527 310 1564; x_wconf 84' lang='lat' dir='ltr'><strong>etiam</strong></span> <span class='ocrx_word' id='word_1_193' title='bbox 341 1528 385 1570; x_wconf 84' lang='lat'><strong>2,</strong></span> <span class='ocrx_word' id='word_1_194' title='bbox 420 1528 518 1568; x_wconf 87' lang='lat'>150;</span> <span class='ocrx_word' id='word_1_195' title='bbox 554 1527 652 1568; x_wconf 63' lang='lat'><strong>26&amp;</strong></span> <span class='ocrx_word' id='word_1_196' title='bbox 687 1527 730 1568; x_wconf 83' lang='lat'><strong>3,</strong></span> <span class='ocrx_word' id='word_1_197' title='bbox 765 1526 829 1566; x_wconf 84' lang='lat'><strong>76.</strong></span> 
     </span>
    </p>
   </div>
   <div class='ocr_carea' id='block_1_5' title="bbox 252 1650 1559 1764">
    <p class='ocr_par' dir='ltr' id='par_1_5' title="bbox 252 1650 1559 1764">
     <span class='ocr_line' id='line_1_20' title="bbox 252 1650 1559 1696; baseline -0.002 -8"><span class='ocrx_word' id='word_1_198' title='bbox 252 1652 346 1687; x_wconf 83' lang='lat' dir='ltr'><strong>Fast.</strong></span> <span class='ocrx_word' id='word_1_199' title='bbox 367 1654 405 1691; x_wconf 81' lang='lat'><strong>5,</strong></span> <span class='ocrx_word' id='word_1_200' title='bbox 428 1654 488 1686; x_wconf 81' lang='lat'><strong>21:</strong></span> <span class='ocrx_word' id='word_1_201' title='bbox 530 1651 608 1686; x_wconf 88' lang='lat' dir='ltr'><strong>Nec</strong></span> <span class='ocrx_word' id='word_1_202' title='bbox 628 1651 732 1686; x_wconf 83' lang='lat' dir='ltr'><strong>latas</strong></span> <span class='ocrx_word' id='word_1_203' title='bbox 755 1650 902 1686; x_wconf 81' lang='lat' dir='ltr'><strong>Oceano</strong></span> <span class='ocrx_word' id='word_1_204' title='bbox 924 1653 1119 1696; x_wconf 78' lang='lat' dir='ltr'><strong>qnisquam</strong></span> <span class='ocrx_word' id='word_1_205' title='bbox 1141 1652 1233 1686; x_wconf 80' lang='lat' dir='ltr'><strong>deas</strong></span> <span class='ocrx_word' id='word_1_206' title='bbox 1254 1651 1400 1686; x_wconf 80' lang='lat' dir='ltr'><strong>advena</strong></span> <span class='ocrx_word' id='word_1_207' title='bbox 1421 1651 1559 1689; x_wconf 75' lang='lat' dir='ltr'><strong>iunxit.</strong></span> 
     </span>
     <span class='ocr_line' id='line_1_21' title="bbox 633 1718 1379 1764; baseline 0.001 -11"><span class='ocrx_word' id='word_1_208' title='bbox 633 1718 768 1764; x_wconf 72' lang='lat' dir='ltr'><strong>Tethys</strong></span> <span class='ocrx_word' id='word_1_209' title='bbox 788 1723 958 1753; x_wconf 78' lang='lat' dir='ltr'><strong>extremo</strong></span> <span class='ocrx_word' id='word_1_210' title='bbox 978 1729 1092 1764; x_wconf 81' lang='lat' dir='ltr'><em>saepe</em></span> <span class='ocrx_word' id='word_1_211' title='bbox 1114 1722 1268 1763; x_wconf 80' lang='lat' dir='ltr'><strong>recepta</strong></span> <span class='ocrx_word' id='word_1_212' title='bbox 1289 1719 1379 1754; x_wconf 88' lang='lat' dir='ltr'><strong>Ioco.</strong></span> 
     </span>
    </p>
   </div>
   <div class='ocr_carea' id='block_1_6' title="bbox 197 1805 1925 2935">
    <p class='ocr_par' dir='ltr' id='par_1_6' title="bbox 197 1805 1925 2935">
     <span class='ocr_line' id='line_1_22' title="bbox 310 1805 1914 1856; baseline -0.001 -11"><span class='ocrx_word' id='word_1_213' title='bbox 310 1807 388 1845; x_wconf 91' lang='lat' dir='ltr'><strong>Hos</strong></span> <span class='ocrx_word' id='word_1_214' title='bbox 421 1818 574 1850; x_wconf 73' lang='lat' dir='ltr'><strong>vel&#39;SllS,</strong></span> <span class='ocrx_word' id='word_1_215' title='bbox 609 1805 750 1855; x_wconf 85' lang='lat' dir='ltr'><strong>quibus</strong></span> <span class='ocrx_word' id='word_1_216' title='bbox 772 1812 860 1844; x_wconf 81' lang='lat' dir='ltr'><strong>ante</strong></span> <span class='ocrx_word' id='word_1_217' title='bbox 882 1807 1123 1845; x_wconf 79' lang='lat' dir='ltr'><strong>maiestatem</strong></span> <span class='ocrx_word' id='word_1_218' title='bbox 1145 1812 1274 1845; x_wconf 81' lang='lat' dir='ltr'><strong>natam</strong></span> <span class='ocrx_word' id='word_1_219' title='bbox 1295 1806 1460 1844; x_wconf 90' lang='lat' dir='ltr'><strong>deorum</strong></span> <span class='ocrx_word' id='word_1_220' title='bbox 1483 1806 1688 1856; x_wconf 83' lang='lat' dir='ltr'><strong>dignitates</strong></span> <span class='ocrx_word' id='word_1_221' title='bbox 1711 1812 1749 1843; x_wconf 87' lang='lat' dir='ltr'><strong>et</strong></span> <span class='ocrx_word' id='word_1_222' title='bbox 1769 1805 1914 1855; x_wconf 81' lang='lat' dir='ltr'><strong>gradus</strong></span> 
     </span>
     <span class='ocr_line' id='line_1_23' title="bbox 197 1873 1917 1925; baseline -0.001 -12"><span class='ocrx_word' id='word_1_223' title='bbox 197 1874 374 1913; x_wconf 84' lang='lat' dir='ltr'><strong>turbatos</strong></span> <span class='ocrx_word' id='word_1_224' title='bbox 411 1878 528 1925; x_wconf 84' lang='lat' dir='ltr'><strong>poeta</strong></span> <span class='ocrx_word' id='word_1_225' title='bbox 567 1873 770 1917; x_wconf 80' lang='lat' dir='ltr'><strong>describit,</strong></span> <span class='ocrx_word' id='word_1_226' title='bbox 810 1873 906 1912; x_wconf 80' lang='lat' dir='ltr'><strong>tales</strong></span> <span class='ocrx_word' id='word_1_227' title='bbox 937 1886 1055 1925; x_wconf 81' lang='lat' dir='ltr'><strong>supra</strong></span> <span class='ocrx_word' id='word_1_228' title='bbox 1088 1875 1246 1925; x_wconf 78' lang='lat' dir='ltr'><strong>scripsi,</strong></span> <span class='ocrx_word' id='word_1_229' title='bbox 1288 1873 1422 1924; x_wconf 81' lang='lat' dir='ltr'><strong>quales</strong></span> <span class='ocrx_word' id='word_1_230' title='bbox 1453 1873 1573 1911; x_wconf 83' lang='lat' dir='ltr'><strong>codex</strong></span> <span class='ocrx_word' id='word_1_231' title='bbox 1607 1873 1839 1911; x_wconf 77' lang='lat' dir='ltr'><strong>Petavianus</strong></span> <span class='ocrx_word' id='word_1_232' title='bbox 1879 1878 1917 1911; x_wconf 88' lang='lat' dir='ltr'><strong>et</strong></span> 
     </span>
     <span class='ocr_line' id='line_1_24' title="bbox 197 1940 1914 1994; baseline -0.001 -14"><span class='ocrx_word' id='word_1_233' title='bbox 197 1941 359 1994; x_wconf 85' lang='lat' dir='ltr'><strong>plurimi</strong></span> <span class='ocrx_word' id='word_1_234' title='bbox 383 1941 447 1980; x_wconf 82' lang='lat' dir='ltr'><strong>alii</strong></span> <span class='ocrx_word' id='word_1_235' title='bbox 468 1941 623 1980; x_wconf 86' lang='lat' dir='ltr'><strong>habent.</strong></span> <span class='ocrx_word' id='word_1_236' title='bbox 671 1940 999 1979; x_wconf 84' lang='lat' dir='ltr'><strong>Mitscherlichius</strong></span> <span class='ocrx_word' id='word_1_237' title='bbox 1021 1941 1227 1991; x_wconf 79' lang='lat' dir='ltr'><strong>vulgatam,</strong></span> <span class='ocrx_word' id='word_1_238' title='bbox 1259 1943 1299 1979; x_wconf 90' lang='lat' dir='ltr'><strong>in</strong></span> <span class='ocrx_word' id='word_1_239' title='bbox 1332 1953 1407 1991; x_wconf 79' lang='lat' dir='ltr'><strong>qua</strong></span> <span class='ocrx_word' id='word_1_240' title='bbox 1436 1942 1512 1979; x_wconf 78' lang='lat' dir='ltr'><strong>iam</strong></span> <span class='ocrx_word' id='word_1_241' title='bbox 1533 1941 1716 1979; x_wconf 85' lang='lat' dir='ltr'><strong>Heinsius</strong></span> <span class='ocrx_word' id='word_1_242' title='bbox 1741 1940 1914 1984; x_wconf 79' lang='lat' dir='ltr'><strong>offendit,</strong></span> 
     </span>
     <span class='ocr_line' id='line_1_25' title="bbox 200 2007 1914 2059; baseline -0.001 -11"><span class='ocrx_word' id='word_1_243' title='bbox 200 2010 380 2048; x_wconf 78' lang='lat' dir='ltr'><strong>retinuit:</strong></span> <span class='ocrx_word' id='word_1_244' title='bbox 413 2010 464 2047; x_wconf 76' lang='lat' dir='ltr'><strong>Ec</strong></span> <span class='ocrx_word' id='word_1_245' title='bbox 492 2011 594 2047; x_wconf 80' lang='lat' dir='ltr'><strong>latus</strong></span> <span class='ocrx_word' id='word_1_246' title='bbox 626 2009 779 2048; x_wconf 84' lang='lat' dir='ltr'><strong>Oceano</strong></span> <span class='ocrx_word' id='word_1_247' title='bbox 808 2011 1012 2056; x_wconf 68' lang='lat' dir='ltr'><strong>quisquam</strong></span> <span class='ocrx_word' id='word_1_248' title='bbox 1039 2010 1135 2047; x_wconf 77' lang='lat' dir='ltr'><strong>cleas</strong></span> <span class='ocrx_word' id='word_1_249' title='bbox 1167 2010 1320 2047; x_wconf 69' lang='lat' dir='ltr'><strong>advena</strong></span> <span class='ocrx_word' id='word_1_250' title='bbox 1351 2011 1490 2054; x_wconf 70' lang='lat' dir='ltr'><strong>iunxit,</strong></span> <span class='ocrx_word' id='word_1_251' title='bbox 1522 2007 1733 2047; x_wconf 85' lang='lat' dir='ltr'><strong>Merkelius</strong></span> <span class='ocrx_word' id='word_1_252' title='bbox 1763 2009 1802 2046; x_wconf 92' lang='lat' dir='ltr'><strong>in</strong></span> <span class='ocrx_word' id='word_1_253' title='bbox 1834 2009 1914 2059; x_wconf 88' lang='lat' dir='ltr'><strong>pri-</strong></span> 
     </span>
     <span class='ocr_line' id='line_1_26' title="bbox 201 2075 1918 2127; baseline -0.001 -12"><span class='ocrx_word' id='word_1_254' title='bbox 201 2090 270 2116; x_wconf 89' lang='lat' dir='ltr'><strong>ore</strong></span> <span class='ocrx_word' id='word_1_255' title='bbox 306 2077 475 2115; x_wconf 79' lang='lat' dir='ltr'><strong>editione</strong></span> <span class='ocrx_word' id='word_1_256' title='bbox 506 2077 679 2127; x_wconf 85' lang='lat' dir='ltr'><strong>scripsit:</strong></span> <span class='ocrx_word' id='word_1_257' title='bbox 712 2076 764 2114; x_wconf 78' lang='lat' dir='ltr'><strong>Et</strong></span> <span class='ocrx_word' id='word_1_258' title='bbox 792 2078 894 2114; x_wconf 75' lang='lat' dir='ltr'><strong>lalus</strong></span> <span class='ocrx_word' id='word_1_259' title='bbox 927 2077 1079 2115; x_wconf 88' lang='lat' dir='ltr'><strong>Oceano</strong></span> <span class='ocrx_word' id='word_1_260' title='bbox 1112 2079 1237 2125; x_wconf 72' lang='lat' dir='ltr'><strong>quivis</strong></span> <span class='ocrx_word' id='word_1_261' title='bbox 1265 2077 1360 2114; x_wconf 80' lang='lat' dir='ltr'><strong>cleas</strong></span> <span class='ocrx_word' id='word_1_262' title='bbox 1385 2077 1540 2115; x_wconf 66' lang='lat' dir='ltr'><strong>advena</strong></span> <span class='ocrx_word' id='word_1_263' title='bbox 1563 2078 1703 2119; x_wconf 69' lang='lat' dir='ltr'><strong>lanxil,</strong></span> <span class='ocrx_word' id='word_1_264' title='bbox 1736 2076 1775 2113; x_wconf 92' lang='lat' dir='ltr'><strong>in</strong></span> <span class='ocrx_word' id='word_1_265' title='bbox 1798 2075 1918 2114; x_wconf 81' lang='lat' dir='ltr'><strong>altera</strong></span> 
     </span>
     <span class='ocr_line' id='line_1_27' title="bbox 202 2132 1921 2195; baseline -0.001 -13"><span class='ocrx_word' id='word_1_266' title='bbox 202 2147 326 2193; x_wconf 73' lang='lat' dir='ltr'><strong>quivis</strong></span> <span class='ocrx_word' id='word_1_267' title='bbox 355 2145 395 2182; x_wconf 92' lang='lat' dir='ltr'><strong>in</strong></span> <span class='ocrx_word' id='word_1_268' title='bbox 427 2147 602 2192; x_wconf 75' lang='lat' dir='ltr'><strong>quamvis</strong></span> <span class='ocrx_word' id='word_1_269' title='bbox 632 2132 804 2182; x_wconf 80' lang='lat' dir='ltr'><strong>mutavit.</strong></span> <span class='ocrx_word' id='word_1_270' title='bbox 865 2146 917 2183; x_wconf 82' lang='lat' dir='ltr'><strong>Ac</strong></span> <span class='ocrx_word' id='word_1_271' title='bbox 948 2146 1120 2195; x_wconf 87' lang='lat' dir='ltr'><strong>primum</strong></span> <span class='ocrx_word' id='word_1_272' title='bbox 1151 2149 1313 2195; x_wconf 79' lang='lat' dir='ltr'><strong>apparet</strong></span> <span class='ocrx_word' id='word_1_273' title='bbox 1343 2156 1437 2182; x_wconf 81' lang='lat' dir='ltr'><strong>voce</strong></span> <span class='ocrx_word' id='word_1_274' title='bbox 1468 2147 1672 2192; x_wconf 74' lang='lat' dir='ltr'><strong>quisquam</strong></span> <span class='ocrx_word' id='word_1_275' title='bbox 1704 2148 1853 2181; x_wconf 81' lang='lat' dir='ltr'><strong>retenta</strong></span> <span class='ocrx_word' id='word_1_276' title='bbox 1885 2149 1921 2180; x_wconf 82' lang='lat' dir='ltr'><strong>et</strong></span> 
     </span>
     <span class='ocr_line' id='line_1_28' title="bbox 203 2211 1916 2263; baseline -0.001 -13"><span class='ocrx_word' id='word_1_277' title='bbox 203 2218 306 2250; x_wconf 80' lang='lat' dir='ltr'><strong>stare</strong></span> <span class='ocrx_word' id='word_1_278' title='bbox 337 2224 415 2250; x_wconf 89' lang='lat' dir='ltr'><strong>non</strong></span> <span class='ocrx_word' id='word_1_279' title='bbox 444 2224 580 2263; x_wconf 89' lang='lat' dir='ltr'><strong>posse,</strong></span> <span class='ocrx_word' id='word_1_280' title='bbox 622 2211 723 2261; x_wconf 88' lang='lat' dir='ltr'><strong>quod</strong></span> <span class='ocrx_word' id='word_1_281' title='bbox 755 2217 843 2262; x_wconf 90' lang='lat' dir='ltr'><strong>post</strong></span> <span class='ocrx_word' id='word_1_282' title='bbox 876 2212 1076 2250; x_wconf 85' lang='lat' dir='ltr'><strong>lleinsium</strong></span> <span class='ocrx_word' id='word_1_283' title='bbox 1107 2211 1453 2250; x_wconf 82' lang='lat' dir='ltr'><strong>Mitscherlichium</strong></span> <span class='ocrx_word' id='word_1_284' title='bbox 1493 2224 1570 2250; x_wconf 92' lang='lat' dir='ltr'><strong>non</strong></span> <span class='ocrx_word' id='word_1_285' title='bbox 1602 2211 1743 2249; x_wconf 76' lang='lat' dir='ltr'><strong>vidisse</strong></span> <span class='ocrx_word' id='word_1_286' title='bbox 1774 2212 1916 2253; x_wconf 89' lang='lat' dir='ltr'><strong>miror;</strong></span> 
     </span>
     <span class='ocr_line' id='line_1_29' title="bbox 204 2278 1920 2330; baseline -0.001 -12"><span class='ocrx_word' id='word_1_287' title='bbox 204 2279 415 2318; x_wconf 86' lang='lat' dir='ltr'><strong>Merkelius</strong></span> <span class='ocrx_word' id='word_1_288' title='bbox 446 2279 539 2317; x_wconf 89' lang='lat' dir='ltr'><strong>vidit</strong></span> <span class='ocrx_word' id='word_1_289' title='bbox 570 2279 728 2329; x_wconf 81' lang='lat' dir='ltr'><strong>quidem</strong></span> <span class='ocrx_word' id='word_1_290' title='bbox 761 2279 828 2317; x_wconf 85' lang='lat' dir='ltr'><strong>sed</strong></span> <span class='ocrx_word' id='word_1_291' title='bbox 858 2279 1001 2317; x_wconf 87' lang='lat' dir='ltr'><strong>iudicio</strong></span> <span class='ocrx_word' id='word_1_292' title='bbox 1033 2291 1151 2330; x_wconf 79' lang='lat' dir='ltr'><strong>pravo</strong></span> <span class='ocrx_word' id='word_1_293' title='bbox 1183 2281 1386 2327; x_wconf 73' lang='lat' dir='ltr'><strong>qnisquam</strong></span> <span class='ocrx_word' id='word_1_294' title='bbox 1416 2290 1572 2328; x_wconf 88' lang='lat' dir='ltr'><strong>quoque</strong></span> <span class='ocrx_word' id='word_1_295' title='bbox 1606 2284 1741 2317; x_wconf 80' lang='lat' dir='ltr'><strong>contra</strong></span> <span class='ocrx_word' id='word_1_296' title='bbox 1766 2278 1920 2316; x_wconf 88' lang='lat' dir='ltr'><strong>codices</strong></span> 
     </span>
     <span class='ocr_line' id='line_1_30' title="bbox 206 2346 1918 2397; baseline -0.001 -12"><span class='ocrx_word' id='word_1_297' title='bbox 206 2346 435 2385; x_wconf 81' lang='lat' dir='ltr'><strong>mutandum</strong></span> <span class='ocrx_word' id='word_1_298' title='bbox 468 2359 552 2385; x_wconf 85' lang='lat' dir='ltr'><strong>esse</strong></span> <span class='ocrx_word' id='word_1_299' title='bbox 584 2348 754 2390; x_wconf 87' lang='lat' dir='ltr'><strong>censuit,</strong></span> <span class='ocrx_word' id='word_1_300' title='bbox 789 2359 877 2384; x_wconf 81' lang='lat' dir='ltr'><strong>cum</strong></span> <span class='ocrx_word' id='word_1_301' title='bbox 909 2348 974 2397; x_wconf 87' lang='lat' dir='ltr'><strong>qui</strong></span> <span class='ocrx_word' id='word_1_302' title='bbox 1006 2347 1063 2384; x_wconf 76' lang='lat' dir='ltr'><strong>via</strong></span> <span class='ocrx_word' id='word_1_303' title='bbox 1096 2352 1133 2384; x_wconf 89' lang='lat' dir='ltr'><strong>et</strong></span> <span class='ocrx_word' id='word_1_304' title='bbox 1162 2347 1314 2384; x_wconf 75' lang='lat' dir='ltr'><strong>ratione</strong></span> <span class='ocrx_word' id='word_1_305' title='bbox 1346 2352 1477 2385; x_wconf 87' lang='lat' dir='ltr'><strong>utetur</strong></span> <span class='ocrx_word' id='word_1_306' title='bbox 1507 2346 1737 2396; x_wconf 86' lang='lat' dir='ltr'><strong>intellegere</strong></span> <span class='ocrx_word' id='word_1_307' title='bbox 1767 2346 1918 2389; x_wconf 80' lang='lat' dir='ltr'><strong>debeat,</strong></span> 
     </span>
     <span class='ocr_line' id='line_1_31' title="bbox 206 2413 1919 2464; baseline 0 -12"><span class='ocrx_word' id='word_1_308' title='bbox 206 2426 321 2452; x_wconf 81' lang='lat' dir='ltr'><strong>voces</strong></span> <span class='ocrx_word' id='word_1_309' title='bbox 352 2426 424 2452; x_wconf 83' lang='lat' dir='ltr'><strong>nec</strong></span> <span class='ocrx_word' id='word_1_310' title='bbox 455 2420 491 2452; x_wconf 90' lang='lat' dir='ltr'><strong>et</strong></span> <span class='ocrx_word' id='word_1_311' title='bbox 521 2417 747 2464; x_wconf 73' lang='lat' dir='ltr'><strong>quisquam,</strong></span> <span class='ocrx_word' id='word_1_312' title='bbox 777 2425 896 2463; x_wconf 76' lang='lat' dir='ltr'><strong>quae,</strong></span> <span class='ocrx_word' id='word_1_313' title='bbox 928 2419 1203 2464; x_wconf 77' lang='lat' dir='ltr'><strong>praeterquam</strong></span> <span class='ocrx_word' id='word_1_314' title='bbox 1237 2413 1338 2463; x_wconf 88' lang='lat' dir='ltr'><strong>quod</strong></span> <span class='ocrx_word' id='word_1_315' title='bbox 1370 2415 1409 2452; x_wconf 91' lang='lat' dir='ltr'><strong>in</strong></span> <span class='ocrx_word' id='word_1_316' title='bbox 1441 2414 1573 2452; x_wconf 85' lang='lat' dir='ltr'><strong>codice</strong></span> <span class='ocrx_word' id='word_1_317' title='bbox 1604 2413 1800 2464; x_wconf 84' lang='lat' dir='ltr'><strong>leguntur,</strong></span> <span class='ocrx_word' id='word_1_318' title='bbox 1835 2426 1919 2451; x_wconf 89' lang='lat' dir='ltr'><strong>mu-</strong></span> 
     </span>
     <span class='ocr_line' id='line_1_32' title="bbox 207 2481 1919 2532; baseline 0 -13"><span class='ocrx_word' id='word_1_319' title='bbox 207 2488 272 2520; x_wconf 81' lang='lat' dir='ltr'><strong>tua</strong></span> <span class='ocrx_word' id='word_1_320' title='bbox 304 2482 535 2520; x_wconf 76' lang='lat' dir='ltr'><strong>necessitate</strong></span> <span class='ocrx_word' id='word_1_321' title='bbox 567 2482 828 2525; x_wconf 82' lang='lat' dir='ltr'><strong>continentur,</strong></span> <span class='ocrx_word' id='word_1_322' title='bbox 860 2482 1093 2531; x_wconf 73' lang='lat' dir='ltr'><strong>integritatis</strong></span> <span class='ocrx_word' id='word_1_323' title='bbox 1124 2482 1295 2532; x_wconf 88' lang='lat' dir='ltr'><strong>speciem</strong></span> <span class='ocrx_word' id='word_1_324' title='bbox 1326 2494 1421 2532; x_wconf 85' lang='lat' dir='ltr'><strong>prae</strong></span> <span class='ocrx_word' id='word_1_325' title='bbox 1453 2494 1493 2520; x_wconf 89' lang='lat' dir='ltr'><strong>se</strong></span> <span class='ocrx_word' id='word_1_326' title='bbox 1523 2482 1629 2520; x_wconf 87' lang='lat' dir='ltr'><strong>ferre</strong></span> <span class='ocrx_word' id='word_1_327' title='bbox 1659 2481 1919 2519; x_wconf 85' lang='lat' dir='ltr'><strong>luculentissi-</strong></span> 
     </span>
     <span class='ocr_line' id='line_1_33' title="bbox 209 2549 1924 2599; baseline -0.001 -12"><span class='ocrx_word' id='word_1_328' title='bbox 209 2561 311 2587; x_wconf 86' lang='lat' dir='ltr'><strong>mam</strong></span> <span class='ocrx_word' id='word_1_329' title='bbox 342 2549 588 2599; x_wconf 80' lang='lat' dir='ltr'><strong>primamque</strong></span> <span class='ocrx_word' id='word_1_330' title='bbox 619 2560 755 2587; x_wconf 85' lang='lat' dir='ltr'><strong>versus</strong></span> <span class='ocrx_word' id='word_1_331' title='bbox 785 2554 936 2599; x_wconf 77' lang='lat' dir='ltr'><strong>partem</strong></span> <span class='ocrx_word' id='word_1_332' title='bbox 968 2561 1047 2587; x_wconf 91' lang='lat' dir='ltr'><strong>non</strong></span> <span class='ocrx_word' id='word_1_333' title='bbox 1078 2561 1191 2599; x_wconf 89' lang='lat' dir='ltr'><strong>posse</strong></span> <span class='ocrx_word' id='word_1_334' title='bbox 1222 2561 1301 2587; x_wconf 91' lang='lat' dir='ltr'><strong>non</strong></span> <span class='ocrx_word' id='word_1_335' title='bbox 1332 2550 1384 2588; x_wconf 83' lang='lat' dir='ltr'><strong>ita</strong></span> <span class='ocrx_word' id='word_1_336' title='bbox 1415 2550 1671 2587; x_wconf 81' lang='lat' dir='ltr'><strong>conformari:</strong></span> <span class='ocrx_word' id='word_1_337' title='bbox 1716 2550 1795 2587; x_wconf 71' lang='lat' dir='ltr'><strong>Nec</strong></span> <span class='ocrx_word' id='word_1_338' title='bbox 1824 2551 1924 2586; x_wconf 78' lang='lat' dir='ltr'><strong>latas</strong></span> 
     </span>
     <span class='ocr_line' id='line_1_34' title="bbox 211 2615 1922 2667; baseline -0.001 -13"><span class='ocrx_word' id='word_1_339' title='bbox 211 2616 365 2654; x_wconf 78' lang='lat' dir='ltr'><strong>Oceano</strong></span> <span class='ocrx_word' id='word_1_340' title='bbox 395 2617 612 2663; x_wconf 73' lang='lat' dir='ltr'><strong>quisquam.</strong></span> <span class='ocrx_word' id='word_1_341' title='bbox 673 2615 784 2661; x_wconf 87' lang='lat' dir='ltr'><strong>Quod</strong></span> <span class='ocrx_word' id='word_1_342' title='bbox 816 2616 848 2653; x_wconf 89' lang='lat' dir='ltr'><strong>si</strong></span> <span class='ocrx_word' id='word_1_343' title='bbox 880 2628 1014 2654; x_wconf 82' lang='lat' dir='ltr'><strong>verum</strong></span> <span class='ocrx_word' id='word_1_344' title='bbox 1045 2622 1121 2660; x_wconf 89' lang='lat' dir='ltr'><strong>est,</strong></span> <span class='ocrx_word' id='word_1_345' title='bbox 1164 2617 1386 2656; x_wconf 78' lang='lat' dir='ltr'><strong>necessario</strong></span> <span class='ocrx_word' id='word_1_346' title='bbox 1418 2618 1595 2667; x_wconf 86' lang='lat' dir='ltr'><strong>sequitur</strong></span> <span class='ocrx_word' id='word_1_347' title='bbox 1632 2618 1670 2654; x_wconf 91' lang='lat' dir='ltr'><strong>in</strong></span> <span class='ocrx_word' id='word_1_348' title='bbox 1702 2617 1922 2667; x_wconf 87' lang='lat' dir='ltr'><strong>posteriore</strong></span> 
     </span>
     <span class='ocr_line' id='line_1_35' title="bbox 210 2683 1922 2734; baseline 0.001 -15"><span class='ocrx_word' id='word_1_349' title='bbox 210 2694 346 2721; x_wconf 91' lang='lat' dir='ltr'><strong>versus</strong></span> <span class='ocrx_word' id='word_1_350' title='bbox 377 2688 508 2732; x_wconf 80' lang='lat' dir='ltr'><strong>parte,</strong></span> <span class='ocrx_word' id='word_1_351' title='bbox 542 2693 617 2731; x_wconf 83' lang='lat' dir='ltr'><strong>qua</strong></span> <span class='ocrx_word' id='word_1_352' title='bbox 649 2683 839 2721; x_wconf 80' lang='lat' dir='ltr'><strong>sententia</strong></span> <span class='ocrx_word' id='word_1_353' title='bbox 872 2696 959 2721; x_wconf 90' lang='lat' dir='ltr'><strong>cum</strong></span> <span class='ocrx_word' id='word_1_354' title='bbox 1002 2684 1275 2734; x_wconf 87' lang='lat' dir='ltr'><strong>superioribus</strong></span> <span class='ocrx_word' id='word_1_355' title='bbox 1313 2684 1442 2723; x_wconf 85' lang='lat' dir='ltr'><strong>verbis</strong></span> <span class='ocrx_word' id='word_1_356' title='bbox 1480 2684 1585 2722; x_wconf 89' lang='lat' dir='ltr'><strong>nullo</strong></span> <span class='ocrx_word' id='word_1_357' title='bbox 1626 2684 1741 2722; x_wconf 89' lang='lat' dir='ltr'><strong>modo</strong></span> <span class='ocrx_word' id='word_1_358' title='bbox 1783 2695 1922 2721; x_wconf 85' lang='lat' dir='ltr'><strong>conso-</strong></span> 
     </span>
     <span class='ocr_line' id='line_1_36' title="bbox 211 2748 1922 2802; baseline -0.001 -14"><span class='ocrx_word' id='word_1_359' title='bbox 211 2749 347 2788; x_wconf 79' lang='lat' dir='ltr'><strong>cianda</strong></span> <span class='ocrx_word' id='word_1_360' title='bbox 387 2750 621 2793; x_wconf 82' lang='lat' dir='ltr'><strong>continetur,</strong></span> <span class='ocrx_word' id='word_1_361' title='bbox 655 2750 789 2787; x_wconf 71' lang='lat' dir='ltr'><strong>vitium</strong></span> <span class='ocrx_word' id='word_1_362' title='bbox 819 2748 941 2788; x_wconf 81' lang='lat' dir='ltr'><strong>latere</strong></span> <span class='ocrx_word' id='word_1_363' title='bbox 972 2749 1166 2800; x_wconf 87' lang='lat' dir='ltr'><strong>huiusque</strong></span> <span class='ocrx_word' id='word_1_364' title='bbox 1199 2751 1470 2790; x_wconf 80' lang='lat' dir='ltr'><strong>emendatione</strong></span> <span class='ocrx_word' id='word_1_365' title='bbox 1502 2764 1659 2790; x_wconf 79' lang='lat' dir='ltr'><strong>manum</strong></span> <span class='ocrx_word' id='word_1_366' title='bbox 1690 2756 1829 2802; x_wconf 78' lang='lat' dir='ltr'><strong>poetae</strong></span> <span class='ocrx_word' id='word_1_367' title='bbox 1861 2762 1922 2788; x_wconf 93' lang='lat' dir='ltr'><strong>re-</strong></span> 
     </span>
     <span class='ocr_line' id='line_1_37' title="bbox 212 2816 1923 2869; baseline -0.001 -14"><span class='ocrx_word' id='word_1_368' title='bbox 212 2817 463 2869; x_wconf 80' lang='lat' dir='ltr'><strong>ciperandam</strong></span> <span class='ocrx_word' id='word_1_369' title='bbox 495 2828 592 2855; x_wconf 88' lang='lat' dir='ltr'><strong>esse.</strong></span> <span class='ocrx_word' id='word_1_370' title='bbox 654 2816 733 2854; x_wconf 83' lang='lat' dir='ltr'><strong>Iam</strong></span> <span class='ocrx_word' id='word_1_371' title='bbox 764 2816 929 2855; x_wconf 86' lang='lat' dir='ltr'><strong>feliciter</strong></span> <span class='ocrx_word' id='word_1_372' title='bbox 960 2817 1117 2861; x_wconf 82' lang='lat' dir='ltr'><strong>accidit,</strong></span> <span class='ocrx_word' id='word_1_373' title='bbox 1157 2819 1262 2869; x_wconf 88' lang='lat' dir='ltr'><strong>quod</strong></span> <span class='ocrx_word' id='word_1_374' title='bbox 1295 2818 1418 2857; x_wconf 80' lang='lat' dir='ltr'><strong>codex</strong></span> <span class='ocrx_word' id='word_1_375' title='bbox 1450 2831 1486 2857; x_wconf 87' lang='lat' dir='ltr'><strong>m</strong></span> <span class='ocrx_word' id='word_1_376' title='bbox 1525 2832 1643 2857; x_wconf 82' lang='lat' dir='ltr'><strong>manu</strong></span> <span class='ocrx_word' id='word_1_377' title='bbox 1672 2831 1732 2869; x_wconf 89' lang='lat' dir='ltr'><strong>pr.</strong></span> <span class='ocrx_word' id='word_1_378' title='bbox 1769 2830 1923 2855; x_wconf 82' lang='lat' dir='ltr'><strong>versum</strong></span> 
     </span>
     <span class='ocr_line' id='line_1_38' title="bbox 211 2883 1925 2935; baseline -0.001 -13"><span class='ocrx_word' id='word_1_379' title='bbox 211 2885 264 2923; x_wconf 84' lang='lat' dir='ltr'><strong>ita</strong></span> <span class='ocrx_word' id='word_1_380' title='bbox 296 2884 471 2923; x_wconf 83' lang='lat' dir='ltr'><strong>exhibet:</strong></span> <span class='ocrx_word' id='word_1_381' title='bbox 505 2885 585 2923; x_wconf 68' lang='lat' dir='ltr'><strong>Nec</strong></span> <span class='ocrx_word' id='word_1_382' title='bbox 614 2886 717 2922; x_wconf 77' lang='lat' dir='ltr'><em>lalus</em></span> <span class='ocrx_word' id='word_1_383' title='bbox 749 2883 901 2922; x_wconf 78' lang='lat' dir='ltr'><strong>Oceano</strong></span> <span class='ocrx_word' id='word_1_384' title='bbox 931 2887 1135 2932; x_wconf 68' lang='lat' dir='ltr'><strong>quisquam</strong></span> <span class='ocrx_word' id='word_1_385' title='bbox 1164 2887 1323 2933; x_wconf 81' lang='lat' dir='ltr'><strong>quando</strong></span> <span class='ocrx_word' id='word_1_386' title='bbox 1359 2889 1439 2925; x_wconf 77' lang='lat' dir='ltr'><strong>leve</strong></span> <span class='ocrx_word' id='word_1_387' title='bbox 1467 2887 1636 2935; x_wconf 57' lang='lat' dir='ltr'><strong>lembus,</strong></span> <span class='ocrx_word' id='word_1_388' title='bbox 1676 2885 1779 2923; x_wconf 88' lang='lat' dir='ltr'><strong>unde</strong></span> <span class='ocrx_word' id='word_1_389' title='bbox 1818 2884 1925 2922; x_wconf 80' lang='lat' dir='ltr'><strong>nulla</strong></span> 
     </span>
    </p>
   </div>
   <div class='ocr_carea' id='block_1_7' title="bbox 212 2950 1926 3067">
    <p class='ocr_par' dir='ltr' id='par_1_7' title="bbox 212 2950 1926 3067">
     <span class='ocr_line' id='line_1_39' title="bbox 214 2950 1926 3000; baseline -0.001 -11"><span class='ocrx_word' id='word_1_390' title='bbox 214 2952 297 2989; x_wconf 81' lang='lat' dir='ltr'><strong>fere</strong></span> <span class='ocrx_word' id='word_1_391' title='bbox 329 2953 542 2990; x_wconf 78' lang='lat' dir='ltr'><strong>mutatione</strong></span> <span class='ocrx_word' id='word_1_392' title='bbox 575 2963 709 2989; x_wconf 83' lang='lat' dir='ltr'><strong>verum</strong></span> <span class='ocrx_word' id='word_1_393' title='bbox 739 2951 790 2989; x_wconf 79' lang='lat' dir='ltr'><strong>ita</strong></span> <span class='ocrx_word' id='word_1_394' title='bbox 823 2950 1056 2990; x_wconf 87' lang='lat' dir='ltr'><strong>eliciendum</strong></span> <span class='ocrx_word' id='word_1_395' title='bbox 1088 2957 1165 2990; x_wconf 83' lang='lat' dir='ltr'><strong>est:</strong></span> <span class='ocrx_word' id='word_1_396' title='bbox 1198 2954 1279 2992; x_wconf 88' lang='lat' dir='ltr'><strong>Nec</strong></span> <span class='ocrx_word' id='word_1_397' title='bbox 1311 2956 1414 2992; x_wconf 84' lang='lat' dir='ltr'><strong>latus</strong></span> <span class='ocrx_word' id='word_1_398' title='bbox 1446 2954 1598 2993; x_wconf 77' lang='lat' dir='ltr'><strong>Oceano</strong></span> <span class='ocrx_word' id='word_1_399' title='bbox 1632 2955 1837 3000; x_wconf 71' lang='lat' dir='ltr'><strong>qaisquam</strong></span> <span class='ocrx_word' id='word_1_400' title='bbox 1869 2952 1926 2989; x_wconf 83' lang='lat' dir='ltr'><strong>de</strong></span> 
     </span>
     <span class='ocr_line' id='line_1_40' title="bbox 212 3019 546 3067; baseline 0.003 -11"><span class='ocrx_word' id='word_1_401' title='bbox 212 3019 354 3066; x_wconf 83' lang='lat' dir='ltr'><strong>plebe</strong></span> <span class='ocrx_word' id='word_1_402' title='bbox 384 3019 546 3067; x_wconf 71' lang='lat' dir='ltr'><strong>teyebal.</strong></span> 
     </span>
    </p>
   </div>
   <div class='ocr_carea' id='block_1_8' title="bbox 274 3131 1504 3173">
    <p class='ocr_par' dir='ltr' id='par_1_8' title="bbox 274 3131 1504 3173">
     <span class='ocr_line' id='line_1_41' title="bbox 274 3131 1504 3173; baseline 0.002 -6"><span class='ocrx_word' id='word_1_403' title='bbox 274 3132 368 3168; x_wconf 76' lang='lat' dir='ltr'><strong>Fast.</strong></span> <span class='ocrx_word' id='word_1_404' title='bbox 391 3135 428 3173; x_wconf 82' lang='grc'><strong>5,</strong></span> <span class='ocrx_word' id='word_1_405' title='bbox 451 3136 533 3169; x_wconf 77' lang='lat'>129:</span> <span class='ocrx_word' id='word_1_406' title='bbox 570 3132 818 3169; x_wconf 79' lang='lat' dir='ltr'><strong>Praestitibus</strong></span> <span class='ocrx_word' id='word_1_407' title='bbox 839 3131 964 3168; x_wconf 81' lang='lat' dir='ltr'><strong>Maiae</strong></span> <span class='ocrx_word' id='word_1_408' title='bbox 987 3133 1148 3169; x_wconf 82' lang='lat' dir='ltr'><strong>Laribus</strong></span> <span class='ocrx_word' id='word_1_409' title='bbox 1169 3136 1295 3171; x_wconf 80' lang='lat' dir='ltr'><strong>videre</strong></span> <span class='ocrx_word' id='word_1_410' title='bbox 1318 3135 1504 3171; x_wconf 81' lang='lat' dir='ltr'><strong>Calendae</strong></span> 
     </span>
    </p>
   </div>
   <div class='ocr_carea' id='block_1_9' title="bbox 687 3203 1658 3309">
    <p class='ocr_par' dir='ltr' id='par_1_9' title="bbox 687 3203 1658 3309">
     <span class='ocr_line' id='line_1_42' title="bbox 687 3203 1481 3249; baseline 0 -12"><span class='ocrx_word' id='word_1_411' title='bbox 687 3203 803 3237; x_wconf 83' lang='lat' dir='ltr'><strong>Aram</strong></span> <span class='ocrx_word' id='word_1_412' title='bbox 825 3203 999 3236; x_wconf 80' lang='lat' dir='ltr'><strong>constitui</strong></span> <span class='ocrx_word' id='word_1_413' title='bbox 1011 3212 1214 3248; x_wconf 80' lang='lat' dir='ltr'><strong>parvaque</strong></span> <span class='ocrx_word' id='word_1_414' title='bbox 1234 3205 1339 3249; x_wconf 71' lang='lat' dir='ltr'><strong>sigyna</strong></span> <span class='ocrx_word' id='word_1_415' title='bbox 1361 3203 1481 3237; x_wconf 78' lang='lat' dir='ltr'><strong>(lemn.</strong></span> 
     </span>
     <span class='ocr_line' id='line_1_43' title="bbox 1565 3267 1658 3309; baseline 0.022 -2"><span class='ocrx_word' id='word_1_416' title='bbox 1565 3269 1615 3309; x_wconf 77' lang='lat'><strong>23</strong></span> <span class='ocrx_word' id='word_1_417' title='bbox 1637 3267 1658 3290; x_wconf 63' lang='lat'><strong>³&lt;</strong></span> 
     </span>
    </p>
   </div>
  </div>
 </body>
</html>
