2330 3606
313 839 423 909 Cum
454 876 542 907 ante
574 868 645 906 hos
675 881 821 919 paucos
852 880 1007 906 menses
1039 868 1178 906 Boeti
1210 866 1264 904 (16
1297 866 1652 905 consolatione
1690 867 1912 918 philoso-

199 936 342 987 phiae
382 936 503 974 libros
539 935 787 986 perlegerem
826 935 1073 973 Theodori
1112 934 1320 973 Obbarii
1352 933 1520 972 editione
1560 947 1673 979 usus,
1716 936 1914 975 nonnullis

199 1003 294 1041 locis
326 1003 488 1047 offendi,
521 1002 664 1053 quibus
695 1002 790 1040 ordo
822 1004 1104 1041 sententiarum
1136 1001 1318 1040 turbatus
1349 1006 1387 1039 et
1417 1002 1640 1052 disputandi
1670 1005 1768 1041 ratio
1800 1004 1914 1055 plane

198 1084 383 1122 perversa
416 1083 500 1109 esse
531 1070 626 1107 1111111
656 1070 867 1108 videretur.
929 1071 973 1108 In
1004 1082 1080 1121 (1113
1110 1082 1154 1108 re
1186 1069 1427 1120 expedienda
1459 1082 1547 1107 cum
1580 1070 1734 1109 codices
1765 1071 1812 1109 ab
1835 1071 1911 1110 Ob-

199 1139 307 1177 bario
351 1137 481 1176 collati
527 1137 622 1175 nihil
667 1138 880 1176 adiumenti
925 1138 1183 1189 praeberent,
1231 1137 1306 1175 adii
1352 1136 1627 1175 bibliothecam
1673 1140 1914 1189 gymnasii

198 1207 228 1245 T
240 1206 475 1249 reverici,
509 1204 576 1243 ubi
606 1206 710 1243 inter
741 1206 982 1255 antiquiores
1014 1205 1135 1243 libros
1165 1217 1283 1243 manu
1315 1206 1483 1255 scriptos
1514 1211 1736 1244 asservatur
1776 1206 1910 1250 codex,

199 1286 275 1324 quo
313 1277 471 1324 praeter
502 1272 745 1311 Prudenti
783 1275 974 1317 carmina,
1017 1273 1057 1311 C.
1090 1272 1276 1311 Caecili
1309 1272 1481 1311 Seduli
1520 1272 1703 1324 paschale
1743 1286 1913 1318 carmen,

197 1327 418 1380 Aratoris
450 1352 605 1378 carmen
639 1340 687 1378 ‹le
719 1342 813 1379 actis
844 1341 1131 1392 apostolorum,
1167 1339 1441 1378 collectionem
1472 1340 1693 1379 fabularum
1725 1342 1912 1385 Aviani,

197 1407 410 1447 disticha
443 1419 541 1457 quae
575 1413 760 1446 vocantur
792 1408 991 1446 Catonis
1023 1409 1138 1446 etiam
1170 1408 1309 1446 Boeti
1349 1408 1397 1446 de
1437 1408 1702 1447 consolatione
1740 1409 1913 1459 philoso-

196 1476 310 1527 phiae
341 1475 431 1513 libri
462 1476 727 1513 continentur.
781 1476 911 1514 Codex
945 1481 1003 1514 est
1033 1476 1377 1519 membranaceus,
1411 1476 1538 1514 forma
1568 1477 1754 1520 maxima,
1790 1478 1913 1527 scripu

197 1549 258 1582 tus
289 1542 444 1581 saeculo
477 1543 702 1587 undecimo,
739 1555 873 1581 versus
904 1543 1022 1582 habet
1058 1545 1097 1582 in
1130 1543 1294 1593 singulis
1324 1544 1477 1594 paginis
1516 1544 1687 1582 tricenos
1726 1557 1912 1584 novenos.

195 1612 301 1650 Inter
322 1610 512 1650 Prudenti
533 1611 724 1654 carmina,
758 1623 857 1661 (11136
888 1612 1015 1661 primo
1047 1611 1134 1649 1060
1166 1612 1311 1661 scripta
1342 1615 1452 1655 sunt,
1486 1616 1524 1649 et
1554 1612 1665 1649 Boeti
1696 1612 1742 1649 (16
1774 1624 1911 1651 conso-

194 1678 340 1717 latione
371 1677 492 1716 libros
523 1678 774 1716 intercedunt
804 1679 878 1716 tria
910 1679 1021 1723 folia,
1052 1680 1092 1717 in
1125 1690 1295 1728 quorum
1325 1679 1441 1729 primi
1473 1680 1614 1729 pagina
1636 1692 1747 1719 versa
1769 1680 1912 1730 legitur

194 1747 270 1784 vita
303 1745 373 1796 (vel
403 1744 514 1795 vitae)
549 1745 659 1783 Boeti
691 1758 711 1783 a
742 1758 860 1784 manu
890 1746 1021 1798 paullo
1061 1747 1222 1785 serioris
1254 1747 1391 1785 aetatis
1433 1748 1576 1797 scripta
1616 1759 1705 1786 611111
1744 1747 1816 1786 1136
1852 1750 1909 1786 111-

195 1814 426 1864 scriptione:
467 1813 615 1861 Incipit
650 1816 840 1861 expositio
874 1816 914 1852 in
951 1815 1051 1852 libro
1086 1814 1217 1853 Boetii
1252 1816 1300 1853 de
1337 1816 1597 1853 consolatione
1629 1816 1914 1864 phylosophiae

194 1883 365 1929 Bemiyii
392 1882 720 1920 Autisiodorensis
753 1883 954 1930 maqistri,
994 1882 1205 1932 persimilis
1242 1882 1305 1920 illa
1339 1881 1497 1933 quidem
1529 1883 1628 1920 vitae
1660 1882 1707 1920 ab
1740 1882 1910 1922 Obbario

195 1963 215 1987 e
247 1950 380 1988 codice
413 1948 636 1987 (iothano
669 1949 813 1992 editae,
847 1950 921 1987 nisi
953 1949 1058 1998 quod
1090 1950 1265 2000 singulae
1296 1955 1428 2000 partes
1460 1950 1534 1989 alio
1567 1951 1703 1989 ordine
1742 1952 1909 2002 scrIptae

194 2022 298 2056 sunt.
358 2016 402 2054 In
433 2015 593 2054 alterius
623 2016 705 2054 folii
735 2017 875 2067 pagina
906 2029 1018 2055 versa
1050 2030 1069 2055 a
1101 2030 1218 2056 11131111
1249 2019 1375 2068 prima
1400 2017 1496 2056 baec
1528 2019 1671 2069 scripta
1703 2017 1908 2068 leguntur:

197 2086 344 2131 Quaeri
383 2095 408 2121 a
444 2086 640 2123 nonnullis
678 2086 772 2122 solet
799 2086 909 2122 cuius
940 2086 1172 2133 temporibus
1200 2086 1343 2124 boetius
1372 2085 1510 2132 fuerit.
1570 2086 1707 2134 quibus
1741 2097 1910 2134 respon-

193 2153 375 2191 dendum.
435 2152 540 2199 quod
567 2157 736 2200 tempore
766 2153 953 2190 teodorici
979 2154 1084 2201 reqis
1112 2155 1268 2192 claruit.
1328 2155 1429 2192 sicut
1455 2155 1496 2191 in
1523 2154 1632 2192 libris
1655 2164 1909 2193 romanorum

192 2222 449 2269 repperimus.
516 2222 728 2268 virtuteque
762 2232 835 2258 sua
874 2223 1009 2259 consul
1046 2222 1085 2258 in.
1123 2221 1218 2258 urbe
1249 2220 1343 2268 fuit.
1407 2221 1500 2260 Cum
1538 2232 1628 2260 vero
1662 2222 1910 2261 theodoricus

191 2289 429 2327 tirannidem
458 2290 644 2336 coepisset
670 2299 858 2326 exercere
885 2290 925 2326 in
954 2289 1060 2326 urbe.
1106 2299 1155 2327 ac
1185 2289 1301 2327 bonos
1331 2300 1501 2338 quosque
1529 2301 1581 2328 ex
1610 2296 1746 2328 senatu
1776 2302 1907 2328 remo—

194 2367 283 2394 vere
306 2361 343 2394 et
371 2358 534 2404 insuper
561 2357 650 2394 neci
671 2357 783 2394 dare.
842 2356 986 2393 boetius
1012 2358 1095 2394 eius
1127 2357 1234 2395 dolos
1261 2356 1439 2405 effuyere
1463 2360 1644 2405 glestiens.
1703 2361 1805 2396 ctam
1839 2360 1907 2397 lit-

191 2425 284 2462 teris
313 2424 369 2461 ad
392 2434 531 2470 qrecos
556 2425 691 2461 missis.
754 2424 957 2462 Nitebatur
985 2424 1119 2462 urbem
1147 2429 1183 2462 et
1209 2430 1385 2463 senatum
1415 2436 1468 2463 ea:
1506 2427 1627 2473 impia
1655 2429 1738 2464 eius
1772 2429 1906 2464 tiran—

192 2492 283 2529 nide
310 2502 461 2529 eruere.
520 2491 571 2528 Et
604 2492 764 2538 quidam
794 2492 929 2530 dicunt
954 2493 1084 2540 potius
1121 2493 1190 2530 sub
1224 2503 1434 2540 yrecoram
1470 2493 1637 2531 subdere
1674 2494 1904 2541 defensioni.

191 2559 293 2597 Dum
324 2570 417 2606 erqo
448 2563 705 2597 accusaretur
724 2561 840 2606 quasi
862 2570 952 2597 reus
984 2561 1196 2598 maiestatis
1221 2565 1258 2598 et
1276 2562 1391 2608 quasi
1414 2562 1698 2599 nicromantiae
1724 2567 1906 2610 operator

191 2628 444 2674 dolorumque
477 2625 717 2677 (membrana
747 2627 944 2677 perforata
977 2634 1036 2665 est
1067 2632 1155 2666 ante
1186 2628 1451 2680 dolorumque)
1482 2631 1618 2667 cultor.
1679 2630 1801 2666 Falsa
1839 2634 1903 2666 ta—

191 2705 278 2733 men
308 2696 555 2732 accusatione
583 2695 700 2731 exilio
729 2697 918 2742 reliyatus
949 2701 1015 2732 est.
1033 2695 1068 2745 ³³)
1121 2696 1196 2734 Vbi
1214 2697 1282 2734 lios
1307 2698 1476 2744 quinque
1501 2697 1619 2734 libros
1644 2709 1720 2745 per
1740 2699 1904 2734 satiram

190 2763 326 2800 edidit.
384 2763 555 2800 imitatus
581 2761 738 2807 felicem
766 2764 959 2811 capellam
987 2764 1055 2810 qui
1077 2764 1192 2811 prius
1222 2763 1271 2801 de
1297 2766 1442 2812 nuptiis
1463 2764 1704 2812 pltiloloyiae
1734 2770 1770 2802 et
1796 2776 1904 2802 mer-

190 2832 294 2868 curii
319 2831 457 2868 eadem
485 2831 613 2878 specie
642 2831 941 2878 conscripserat.
1001 2829 1082 2868 Sed
1116 2833 1185 2869 iste
1218 2832 1332 2879 lonae
1359 2832 1546 2869 nobiliore
1574 2835 1741 2869 materia
1765 2837 1802 2869 et
1826 2831 1902 2877 fa-

190 2898 339 2935 cundia
362 2898 583 2945 praecellit.
645 2896 793 2945 Quippe
830 2899 897 2944 qui
929 2908 1000 2935 nec
1037 2899 1144 2936 tullio
1172 2900 1213 2936 in
1236 2909 1359 2947 prosa
1396 2900 1477 2938 Nec
1516 2901 1669 2946 virffl'lio
1708 2901 1745 2936 in
1783 2905 1902 2937 metro

281 3040 311 3082 *)
336 3043 556 3074 Jourdain
582 3043 618 3073 in
643 3042 735 3072 libro
768 3051 873 3081 quem
905 3042 1092 3083 inscripsit
1117 3045 1158 3075 de
1183 3045 1335 3085 l’orz'ffl'ne
1360 3046 1419 3075 des
1444 3044 1624 3074 traditions
1652 3054 1711 3074 sut·
1734 3045 1764 3074 Ie
1794 3043 1897 3074 eteris-

194 3088 343 3119 tz'anisme
375 3089 416 3119 de
440 3088 553 3120 Boe'ee
580 3088 715 3127 (Paris.
743 3087 848 3125 1861)
876 3097 918 3117 ex
951 3087 1077 3118 codiee
1107 3088 1356 3120 bibliothecae
1389 3088 1629 3120 Parisinae
1662 3088 1753 3119 haec
1786 3088 1899 3119 verba.

195 3132 332 3162 attulit:
360 3133 436 3164 Cum
460 3138 677 3164 accusaretur
702 3133 798 3172 quasi
820 3132 1077 3164 ntvlzromantiae
1101 3139 1263 3174 operator
1288 3139 1321 3165 et
1344 3132 1440 3175 “Juast'
1463 3134 1623 3164 idolorum
1648 3135 1755 3165 cultor
1777 3134 1900 3165 multi-s·-

194 3187 255 3219 que
279 3178 353 3208 aliis
377 3178 563 3209 criminibus
587 3178 821 3218 infalsaretar,
848 3178 940 3217 apud
968 3177 1112 3209 Ticinum
1137 3180 1240 3210 exilio
1267 3181 1432 3220 relegatus
1457 3182 1518 3210 est.
