2330 3606
626 170 663 206 G.
696 169 843 206 THILO:
875 167 1206 205 EMENDATIONES
1237 167 1446 204 SILIANAE.
1812 164 1893 204 401

185 286 334 319 tantun]
382 280 481 318 absit
523 285 566 318 111
604 280 868 330 Dausqueium
913 280 1071 330 propria
1111 277 1354 316 Coloniensis
1391 277 1483 316 libri
1522 278 1742 317 conlatione
1780 290 1896 316 usum

187 361 271 387 esse
303 347 660 392 animadverterim,
693 353 737 386 ut
765 346 861 385 nihil
893 360 912 385 e
944 347 1077 385 codice
1108 345 1174 384 illo
1204 345 1419 384 laudaverit
1440 345 1544 396 quod
1566 358 1645 384 non
1666 359 1686 384 a
1710 346 1896 384 Carrione

187 422 225 454 et
254 416 379 454 Modio
410 414 605 465 prolatum
637 419 757 458 esset,
791 413 1155 453 Drakenborchium
1186 426 1339 452 errasse
1361 413 1511 452 iudico:
1546 413 1583 450 id
1615 413 1719 464 quod
1742 426 1786 451 eo
1807 413 1897 464 plus

187 483 303 521 babet
331 482 614 533 probabilitatis
644 481 747 533 quod
779 482 987 520 admodum
1018 481 1244 519 dubitanter
1283 481 1374 532 quid
1413 482 1579 519 sentiret
1617 481 1894 531 pronuntiavit.

186 550 325 589 deinde
363 562 383 588 a
422 548 740 588 Drakenborchio
783 550 867 599 ipso
905 549 1052 599 aliquot
1088 548 1157 587 sed
1194 560 1415 599 perpaucae
1463 549 1683 598 scripturae
1723 560 1742 585 e
1785 547 1895 586 Colo-

188 619 312 656 niensi
342 617 518 655 laudatae
551 622 658 660 sunt,
692 618 858 654 omissae
891 630 911 655 a
942 616 1069 655 Modio
1102 616 1289 655 Carrione
1321 616 1493 654 Heinsio.
1538 615 1641 665 quod
1673 628 1750 666 quo
1782 615 1897 653 modo

187 686 271 723 fieri
301 686 475 735 potuerit
505 689 545 722 ut
577 684 826 734 intellegatur
857 685 1031 722 animum
1061 688 1155 734 puto
1195 683 1477 722 attendendum
1510 695 1595 721 esse
1635 683 1681 720 ad
1720 696 1762 720 ea
1801 694 1898 732 quae

188 752 234 791 ad
264 752 334 790 XII
365 756 445 794 517
476 751 671 790 adnotavit
702 755 765 789 ‘ex
797 751 1020 790 Coloniensi
1058 751 1191 789 0011100
1230 750 1324 789 nihil
1356 751 1589 789 diversitatis
1628 755 1803 788 notatum
1841 751 1898 786 in-

188 820 297 863 veni,
332 820 506 870 quamvis
537 819 803 870 discrepantes
834 820 1051 869 scripturae
1083 819 1259 869 appictae
1292 823 1403 856 erant
1433 819 1598 868 margini
1629 818 1828 860 editionis,
1861 818 1900 854 111

189 899 263 937 qua
294 887 563 933 deniyrantem
593 887 757 937 legitur’
791 891 828 924 et
859 886 905 924 ad
937 885 1023 924 XIII
1055 891 1078 928 5
1111 889 1122 907 ³
1142 885 1261 923 Turia
1294 898 1383 923 vero
1415 887 1587 936 primum
1619 885 1754 923 habuit
1785 884 1901 922 editio

188 953 440 998 Basileensis,
474 959 511 992 et
540 953 751 992 nonnullae
782 960 937 1004 postea:
972 965 1099 1004 neque
1132 952 1243 991 aliter
1274 953 1394 991 fuisse
1429 953 1579 991 videtur
1610 954 1649 991 in
1673 953 1806 990 codice
1829 952 1900 991 Co-

188 1022 376 1065 loniensi;
411 1026 517 1060 certe
550 1034 594 1059 ex
628 1033 673 1059 eo
704 1021 808 1060 nulla
838 1021 1017 1059 lectionis
1049 1020 1269 1058 differentia
1300 1025 1478 1065 notatur,
1512 1021 1602 1059 lieet
1633 1020 1903 1071 discrepantes

190 1091 406 1140 scripturae
438 1090 629 1139 ascriptae
661 1089 737 1127 sint
767 1088 813 1127 ad
852 1090 1065 1138 marginem
1106 1087 1286 1126 editionis
1319 1088 1509 1132 Colinaei,
1551 1101 1649 1139 quae
1687 1088 1809 1126 Turia
1848 1087 1901 1124 le-

191 1159 274 1207 git.'
325 1159 380 1195 510
412 1158 515 1195 0111111
546 1168 630 1194 rem
660 1155 755 1194 1111111
785 1156 900 1206 fingo.
960 1155 1142 1194 utebatur
1173 1155 1516 1194 Drakenborchius
1549 1155 1763 1206 exemplari
1794 1156 1904 1193 cuius

192 1226 356 1274 margini
387 1225 518 1262 nescio
551 1225 637 1274 quis
669 1224 883 1273 scripturas
916 1236 935 1261 e
968 1223 1190 1261 Coloniensi
1220 1235 1239 1260 a
1271 1222 1399 1261 Modio
1439 1229 1476 1261 et
1508 1225 1694 1261 Cari-ione
1734 1222 1905 1273 prolatas

193 1293 445 1343 ascripserat;
480 1291 546 1329 ubi
577 1291 671 1329 1111111
702 1291 929 1329 adnotatum
959 1291 1125 1334 invenit,
1160 1289 1431 1329 Coloniensem
1464 1304 1551 1330 cum
1576 1292 1744 1329 editione
1766 1291 1905 1328 fecisse

192 1360 265 1398 51111
294 1361 500 1410 persuasit.
562 1372 636 1409 11113
667 1359 706 1396 111
738 1371 780 1396 re
812 1364 1054 1410 quantopere
1085 1358 1205 1397 falsus
1237 1360 1286 1396 sit
1316 1370 1394 1396 non
1427 1365 1488 1397 est
1520 1372 1589 1398 cur
1619 1358 1753 1396 multis
1786 1370 1904 1408 expo-

192 1433 318 1466 natur.
381 1427 485 1476 quod
530 1438 578 1464 ne
618 1431 766 1464 temere
809 1428 988 1476 cuiquam
1029 1427 1219 1477 suspicari
1256 1426 1408 1470 videar,
1455 1426 1568 1465 110031
1614 1438 1775 1465 narrare
1815 1425 1905 1475 quid

192 1495 286 1534 mihi
317 1507 405 1533 cum
436 1495 606 1545 primum
637 1493 684 1531 de
717 1493 809 1531 Silio
843 1494 994 1532 edendo
1027 1495 1197 1544 cogitare
1236 1495 1453 1544 coepissem
1493 1494 1690 1533 acciderit.
1752 1493 1905 1545 perlus-

192 1563 342 1601 trabam
373 1562 507 1601 Eberti
538 1560 753 1611 catalogum
786 1560 1055 1613 bybliothecae
1088 1561 1427 1613 GueIFerbytanae,
1459 1566 1502 1600 ut
1523 1562 1695 1600 viderem
1718 1561 1907 1612 numquid

192 1632 231 1668 in
263 1642 307 1668 ea
339 1635 442 1668 esset
473 1640 549 1678 quo
591 1628 637 1666 ad
675 1634 830 1679 poetam
872 1629 1158 1667 emendandum
1198 1635 1346 1668 uterer.
1408 1642 1444 1680 p.
1481 1634 1558 1671 155
1591 1643 1620 1668 s.
1655 1642 1691 1668 11.
1727 1634 1806 1672 817
1839 1629 1907 1667 Sili

195 1697 393 1748 exemplar
415 1696 637 1735 Basileense
670 1697 889 1738 anni1543
921 1698 1162 1735 nominatum
1194 1698 1370 1741 invenio,
1405 1698 1466 1735 cui
1498 1710 1638 1735 manus
1670 1697 1781 1735 docta
1805 1710 1905 1735 saec.

195 1765 293 1802 XVII
324 1765 495 1803 ineuntis
525 1765 718 1802 variantes
749 1763 936 1802 lectiones
968 1764 1287 1803 membranarum
1319 1777 1417 1815 quae
1449 1766 1525 1803 sint
1547 1764 1729 1803 Coloniae
1752 1766 1790 1803 in
1813 1764 1908 1803 aede

195 1844 345 1870 summa
383 1832 619 1882 ascripserit.
691 1843 780 1869 cum
825 1831 1064 1870 Ludovicum
1104 1831 1392 1871 Bethmannum
1431 1832 1616 1883 precibus
1654 1845 1725 1883 per
1760 1832 1908 1870 litteras

195 1899 450 1950 appellassem
482 1904 526 1937 ut
558 1911 670 1937 usum
702 1898 790 1936 libri
820 1898 922 1937 illius
953 1899 1047 1937 mihi
1067 1900 1334 1950 permitteret,
1367 1901 1424 1938 vir
1446 1899 1749 1938 humanissimus
1772 1899 1905 1937 volun-

197 1968 263 2005 tati
294 1979 402 2005 meae
434 1966 646 2004 obsecutus
678 1966 876 2017 exemplar
908 1967 1022 2005 Halas
1054 1968 1169 2006 misit.
1214 1967 1282 2006 sed
1313 1967 1436 2005 inulto
1469 1967 1579 2006 aliter
1609 1980 1672 2005 res
1706 1969 1833 2005 evenit
1865 1980 1906 2005 ac

196 2046 461 2085 speraveram;
498 2047 517 2072 e
540 2034 761 2073 Coloniensi
791 2034 893 2071 enim
926 2033 1020 2072 nihil
1051 2036 1090 2073 in
1121 2036 1295 2084 margine
1327 2036 1540 2085 ascriptum
1573 2040 1655 2073 erat
1687 2034 1754 2073 sed
1785 2036 1907 2085 scrip-

196 2108 306 2140 turae
339 2114 358 2139 e
389 2101 504 2140 Modii
535 2101 767 2140 lectionibus
800 2103 1043 2152 novantiquis
1075 2108 1293 2153 excerptae.
1346 2102 1471 2140 simile
1504 2102 1702 2153 exemplar
1735 2102 1907 2140 Draken-

198 2169 358 2207 borcbio
398 2169 523 2207 fraudi
561 2170 680 2207 fuisse
721 2170 883 2206 conicio.
946 2169 1041 2207 haec
1079 2171 1283 2220 praemisi,
1325 2175 1367 2208 111
1405 2182 1503 2219 111130
1547 2170 1638 2208 olim
1679 2170 1725 2207 de
1765 2170 1910 2207 codicis

198 2236 440 2275 Coloniensis
472 2238 678 2287 scripturis
709 2237 835 2274 minus
867 2241 973 2274 recte
1007 2239 1171 2287 exposui
1203 2237 1451 2275 emendarem
1486 2243 1522 2275 et
1553 2238 1799 2288 supplerem.
1834 2239 1909 2275 iam

199 2304 444 2342 coniecturas
476 2316 554 2342 non
585 2303 709 2342 nullas
742 2305 957 2355 proferam,
991 2304 1133 2355 quibus
1164 2306 1342 2343 futurum
1374 2317 1459 2343 esse
1498 2318 1613 2356 spero
1655 2311 1694 2343 ut
1732 2305 1909 2343 librario-

198 2383 287 2409 rum
318 2371 520 2409 erroribus
552 2371 693 2410 Siliana
726 2372 895 2409 carmina
925 2371 1156 2410 liberentur.

311 2438 352 2476 ln
391 2437 490 2477 libro
531 2445 664 2477 octavo
704 2452 722 2477 a
762 2451 877 2477 versu
919 2442 998 2482 298
1038 2439 1154 2478 Silius
1192 2441 1382 2484 narravit,
1433 2452 1508 2490 quo
1549 2452 1731 2478 sermone
1771 2440 1911 2478 Fabius

199 2505 404 2545 Aemilium
426 2505 588 2544 Paulum
621 2506 820 2545 consulem
854 2505 1030 2545 hortatus
1063 2513 1184 2551 esset,
1218 2513 1260 2546 ut
1282 2508 1466 2546 Varronis
1498 2507 1669 2557 collegae
1703 2509 1912 2546 temeritati

200 2586 279 2612 non
311 2573 438 2611 minus
469 2574 623 2611 fortiter
654 2575 857 2612 resisteret
889 2587 1004 2625 quam
1035 2576 1169 2613 virtuti
1201 2580 1238 2613 et
1268 2574 1501 2625 prudentiae
1533 2574 1778 2613 Hannibalis:
1813 2587 1910 2624 quae

201 2642 328 2679 omnia
360 2641 443 2678 fere
474 2653 492 2678 a
515 2640 622 2678 Livio
657 2641 773 2692 (XXII
804 2640 868 2691 39)
902 2646 1016 2691 poeta
1047 2648 1246 2680 mutuatus
1279 2647 1356 2686 est,
1390 2647 1432 2679 ut
1463 2655 1578 2692 quam
1610 2644 1722 2680 anxie
1753 2642 1912 2690 vestigia

200 2708 302 2746 illius
333 2709 523 2758 presserit
552 2708 685 2758 paucis
715 2707 810 2746 locis
842 2708 985 2747 clarius
1016 2715 1212 2759 appareat.
1274 2722 1428 2748 versum
1461 2713 1540 2752 300
1563 2710 1758 2747 Lucianus
1790 2709 1910 2747 Muel-

202 2775 307 2813 lerus
338 2776 405 2825 qui
435 2775 475 2812 in
506 2774 605 2812 libro
638 2775 808 2813 secundo
840 2775 887 2813 de
921 2789 964 2814 re
995 2778 1157 2815 metrica
1187 2781 1393 2827 poetarum
1415 2777 1643 2815 Latinorum
1676 2790 1752 2814 non
1785 2776 1912 2814 nullos

204 2841 273 2880 Sili
305 2854 438 2880 versus
468 2843 645 2880 tractavit
675 2854 754 2880 non
787 2842 885 2881 male
916 2845 1088 2881 restituit
1118 2844 1325 2882 scribendo
1360 2846 1408 2895 (p.
1437 2845 1528 2892 173)
1561 2847 1596 2882 si
1624 2845 1692 2881 libe·
1719 2855 1804 2881 eum
1833 2844 1911 2891 Ty-

202 2912 262 2947 rio
297 2911 426 2948 credls
456 2910 548 2957 sore
587 2912 759 2947 mamma
793 2911 892 2947 bella
932 2911 1091 2948 duclore
1132 2933 1178 2938 -—-
1219 2914 1361 2950 invz‘lus
1393 2923 1519 2949 rocem
1556 2912 1660 2948 hane
1696 2924 1717 2948 c
1757 2917 1914 2958 pectore

203 2988 384 3026 rumpam
417 3000 461 3004 —
492 2978 710 3024 frustraris
737 2978 871 3015 Paule.
932 2979 1143 3016 Ausonium
1170 2984 1205 3017 le
1224 2981 1383 3028 proella
1414 2980 1505 3016 (lm-a
1535 2984 1643 3025 leque
1671 2979 1789 3015 hostis
1820 2989 1914 3015 cas-

205 3046 275 3082 tris
309 3047 470 3094 yrcwior
496 3050 647 3094 manet,
688 3050 731 3082 ut
761 3045 971 3083 Ausonizmz
1010 3047 1213 3095 genetivus
1252 3052 1364 3084 esset.
1428 3045 1494 3082 sed
1539 3058 1582 3082 ea
1622 3057 1777 3094 quoque
1816 3057 1913 3095 quae

206 3111 341 3161 paucis
371 3111 548 3150 versibus
578 3117 667 3163 post
697 3112 880 3161 leguntur
912 3112 1085 3151 nondum
1116 3119 1323 3163 persanata
1355 3118 1455 3150 snat.
1501 3112 1594 3149 baec
1627 3113 1728 3149 enim
1762 3112 1912 3161 Ruper-

205 3179 281 3216 tius
313 3178 430 3216 edidit

1589 3249 1642 3288 26
