2330 3606
612 184 649 221 O.
682 184 878 220 RIBBECK:
912 185 962 220 DE
994 184 1220 220 IVVENALIS
1253 184 1409 221 SATIRA
1441 185 1592 222 SEXTA.
1925 181 1977 223 21

259 295 535 334 contaminavit
572 294 847 345 interpolatam
888 294 1097 333 lectionem
1138 307 1227 332 cum
1265 296 1448 344 genuina.
1512 295 1716 334 l’ithoeani
1755 297 1901 347 quippe
1941 302 1980 335 et

258 363 496 402 relicuorum
531 362 709 400 codicum
740 362 1000 412 phirimorum
1035 360 1096 413 (co)
1129 362 1361 399 auctoritate
1392 364 1645 401 confirmatur
1668 363 1775 401 verbi
1797 364 1976 402 ‘dabunt'

258 442 447 468 numerus
477 428 660 479 pluralis,
693 441 767 479 pro
800 440 876 478 quo
908 430 1043 480 pauci,
1077 428 1288 467 Thuaneus
1322 433 1359 466 et
1391 429 1556 468 Vrhiuas
1589 430 1709 468 etalii
1731 432 1976 470 recentiores

259 498 331 548 (fle
352 496 383 546 ς)
417 496 554 534 ‘dabit'
587 495 845 545 singularem,
879 496 961 541 alii,
993 497 1097 534 inter
1129 507 1228 545 quos
1259 495 1517 534 Einsidlensis
1550 496 1583 547 (c
1608 496 1662 546 ς),
1696 500 1813 537 etiam
1843 499 1975 537 ‘feret'

256 563 425 614 glossam
465 562 660 601 exhibent.
722 564 838 613 Atqui
875 563 1040 601 <dabunt
1079 563 1209 614 Phryx
1248 574 1373 612 augur
1412 568 1450 600 et
1488 564 1578 601 inde
1618 565 1850 604 conductus'
1888 579 1976 605 cum

259 631 416 669 tolerari
447 630 554 668 nullo
585 630 701 668 modo
733 634 885 681 posset,
928 631 1073 681 optime.
1105 630 1356 668 confirmatae
1389 631 1608 681 scripturae
1641 632 1763 669 ‘inde'
1796 634 1975 684 supposi-

257 704 339 737 tum
377 699 416 736 in
455 698 652 736 l‘uteaneo
693 697 855 747 aliisque
894 697 1184 736 recentiorilms
1222 696 1332 735 lihris
1374 697 1411 747 (q
1434 697 1467 746 ς)
1507 696 1654 736 ‘indus'
1689 704 1756 737 est.
1820 701 1866 739 Et
1903 700 1978 738 hoc

255 765 460 816 ‘responsa
500 764 648 802 dabunt
678 764 808 816 Phryx
839 776 964 814 augur
996 770 1033 802 et
1063 764 1214 808 Indus’,
1251 764 1355 814 quod
1386 765 1537 814 recepit
1560 765 1829 811 llermannus,
1871 772 1977 806 certe

256 832 395 871 melius
419 836 524 875 erat,
560 842 675 880 quam
708 842 807 880 quae
838 844 911 869 neo
941 831 1127 881 leguntur
1159 832 1197 869 in
1230 830 1308 869 ullo
1342 831 1476 869 codice
1508 844 1580 870 nec
1612 835 1846 872 sententiam
1869 847 1973 872 com—

256 899 409 937 modam
440 898 632 949 praehent
663 910 683 936 a
706 898 840 936 Iahnio
862 900 901 937 in
926 904 1072 937 textum
1095 897 1225 936 inlata.
1269 899 1366 937 Nam
1387 898 1478 936 licet
1510 900 1720 944 concedas,
1756 901 1860 949 quod
1892 914 1971 939 non

255 966 446 1010 concedo,
480 966 586 1003 ‘inde
618 965 872 1003 conductum'
905 965 1040 1003 Latine
1071 966 1146 1004 dici
1176 977 1293 1016 posse
1325 967 1388 1003 eex
1420 965 1585 1017 Phrygia
1619 968 1886 1012 conducttnn’,
1921 973 1976 1006 ta-

255 1045 348 1072 men·
377 1045 542 1084 prorsus
574 1032 669 1071 haec
692 1033 816 1070 otiosa
848 1039 886 1070 et
908 1045 1199 1083 supervacanea
1232 1045 1317 1071 esse
1350 1045 1465 1071 nemo
1497 1033 1666 1082 negabit.
1716 1034 1792 1072 Sed
1826 1036 1977 1073 etiamsi

254 1101 405 1139 ‘ludus'
443 1092 570 1150 legas,
614 1100 788 1137 additum
828 1101 907 1138 sive
945 1099 1007 1137 hic
1046 1101 1126 1138 sive
1166 1105 1208 1138 ut
1238 1100 1463 1138 Hermanno
1502 1100 1649 1151 placuit
1687 1102 1733 1139 ad
1772 1104 1975 1152 sequentia

255 1168 507 1206 ‘conductus'
548 1172 698 1205 temere
736 1167 910 1211 videtur,
960 1168 1142 1216 quoniam
1182 1169 1302 1217 gratis
1341 1180 1531 1219 responsa
1570 1181 1643 1205 nec
1681 1169 1864 1208 divitibus
1904 1183 1977 1208 nec

254 1234 494 1286 pauperihus
526 1234 609 1272 dari
638 1246 711 1284 per
742 1246 783 1272 se
813 1233 1067 1284 intellegitur.
1130 1234 1324 1284 Astrologi
1356 1247 1447 1273 vero
1479 1235 1539 1273 his
1570 1235 1694 1273 ‘dabit
1727 1259 1769 1263 —
1806 1239 1974 1288 peritus'

252 1302 450 1340 inserendi
481 1302 642 1340 minime
674 1301 736 1339 hie
767 1301 877 1340 locus
918 1307 1018 1346 crat,
1064 1314 1152 1340 cum
1193 1302 1240 1340 de
1277 1301 1353 1358 hoo
1391 1306 1521 1340 vatum
1560 1315 1705 1352 genere
1745 1310 1859 1354 poeta
1897 1306 1973 1344 iam

255 1383 285 1408 v.
322 1373 401 1412 568
434 1369 675 1407 absolvisset.
738 1369 784 1407 Et
814 1369 997 1419 proditur
1027 1369 1321 1420 interpolatoris
1353 1369 1464 1408 stilus
1496 1369 1553 1407 vel
1585 1370 1738 1409 duobus
1776 1372 1973 1411 vocabulis

255 1441 467 1475 ‘astrorum
499 1436 730 1485 mumlique’
763 1437 1008 1486 compositis,
1043 1436 1186 1486 quihus
1217 1449 1337 1474 unum
1370 1437 1552 1486 idemque
1584 1438 1836 1487 significatur.
1897 1440 1971 1478 Ita-

253 1516 328 1553 que
366 1504 531 1542 suadent
569 1505 696 1542 onmia
738 1508 778 1541 ut
815 1508 970 1541 resecto
1002 1516 1033 1542 v.
1069 1507 1149 1547 586
1181 1504 1387 1542 redeamus
1419 1504 1465 1542 ad
1496 1504 1972 1547 I‘ithocani„ceterorum-

254 1583 330 1620 que
373 1575 523 1609 tantum
563 1583 641 1609 non
681 1572 855 1608 omnium
897 1571 1075 1609 codicum
1115 1584 1333 1621 congruum
1367 1572 1634 1610 testimonium
1667 1574 1873 1624 eresponsa
1907 1574 1971 1612 da-

255 1638 350 1676 bunt
373 1638 501 1689 Phryx
534 1651 658 1688 augur
691 1643 729 1675 et
759 1638 878 1681 inde',
914 1638 1017 1687 quod
1050 1644 1228 1677 correcto
1261 1639 1375 1677 ‘Indi’
1408 1639 1523 1677 facile
1555 1652 1643 1677 cum
1676 1652 1706 1678 V.
1728 1645 1808 1684 587
1840 1644 1973 1691 ‘atque

253 1706 391 1755 aliquis
423 1707 574 1749 senior,
609 1706 675 1755 qui
706 1704 863 1756 publica
894 1705 1049 1755 fulgura
1080 1706 1233 1743 condit'
1267 1707 1530 1756 coniungitur.

363 1773 594 1812 Rectissime
624 1785 745 1823 porro
777 1772 978 1811 Dobraeus
1010 1773 1092 1811 adv.
1113 1773 1146 1811 Π
1176 1786 1212 1824 p.
1239 1777 1319 1817 387
1350 1769 1507 1812 versilm
1539 1777 1618 1817 323

604 1854 756 1901 palmam
788 1854 881 1889 inter
912 1854 1073 1889 dominas
1104 1855 1216 1889 virtus
1248 1854 1426 1891 natalibus
1457 1860 1587 1902 aequat

251 1942 464 1985 damnavit,
499 1952 615 1990 quem
649 1945 689 1979 ut
720 1941 846 1991 potuit
876 1940 1083 1979 scholiasta
1115 1942 1319 1992 explicavit
1349 1942 1408 1981 his
1433 1942 1603 1980 ‘virtutis
1628 1943 1820 1981 obscenae
1844 1944 1971 1993 palma

251 2014 390 2059 aequat
411 2010 451 2046 in
474 2008 674 2047 nobilitato
696 2008 872 2046 dominas
895 2009 973 2045 sive
998 2008 1185 2052 ancillas’,
1220 2010 1331 2057 quasi
1363 2011 1553 2060 scriptum
1586 2014 1690 2047 esset
1721 2010 1864 2060 ‘palma
1896 2012 1970 2048 vir-

251 2078 344 2115 tutis
392 2076 639 2114 dominarum
677 2075 870 2114 natalibus
910 2075 1139 2114 ancillarum
1179 2076 1449 2113 comlicionem
1488 2077 1666 2125 acquat’,
1714 2077 1818 2126 quod
1864 2077 1970 2115 vides

251 2147 440 2193 quantum
472 2143 589 2181 distet
619 2156 639 2181 a
671 2155 856 2194 perversa
889 2143 1069 2181 versiculi
1099 2142 1280 2181 dictione.
1344 2144 1417 2188 Qui
1449 2143 1602 2181 additus
1623 2143 1776 2182 videtur
1808 2158 1893 2182 csse
1923 2144 1970 2183 al)

250 2212 432 2261 imperito
464 2210 634 2253 homine,
669 2212 734 2259 qui
765 2210 828 2248 illa
861 2209 1064 2248 ‘lenonum
1087 2210 1245 2248 ancillas
1266 2211 1390 2260 posita
1415 2211 1570 2249 Saufeia
1593 2222 1737 2248 corona
1767 2213 1970 2261 provocat?

252 2277 374 2331 (3³20)
415 2276 514 2315 male
552 2277 792 2316 intellexerit
830 2278 939 2327 quasi
987 2289 1030 2315 re
1069 2289 1159 2315 vera
1205 2290 1293 2315 cum
1338 2278 1520 2315 scortillis
1567 2282 1765 2316 certamen
1811 2279 1972 2316 inierint

251 2345 396 2395 ‘Priapi
428 2345 675 2389 maenades',
710 2346 855 2394 quique
895 2344 1165 2389 Medullinam,
1207 2346 1318 2383 cuins
1350 2346 1529 2383 ‘fluctum
1561 2346 1760 2383 crissantis
1791 2345 1971 2384 adorarc'

250 2412 392 2450 dicitur
422 2412 576 2450 Saufeia
607 2424 639 2450 v.
665 2415 765 2457 322,
799 2411 914 2450 talem
948 2412 1126 2450 ancillam
1156 2413 1276 2450 fuisse
1308 2414 1489 2463 opinatus
1520 2413 1586 2450 sit:
1620 2416 1659 2450 at
1688 2412 1858 2451 nobilem
1890 2426 1969 2450 ma-

252 2485 403 2517 tronam
437 2491 520 2517 eam
553 2490 709 2529 quoque
739 2479 885 2517 hahere
917 2481 1003 2528 quis
1034 2479 1204 2523 dubitet,
1247 2481 1313 2529 qui
1351 2480 1398 2517 de
1430 2480 1533 2517 Livia
1565 2478 1792 2522 Medulhna,
1827 2492 1969 2529 sponsa

252 2546 400 2585 Claudii
431 2547 700 2596 insperatoris,
735 2558 833 2596 quae
865 2549 900 2584 ‘e
931 2559 1076 2596 genere
1108 2548 1268 2596 antiquo
1300 2547 1501 2584 dictatoris
1533 2546 1698 2584 Camilli’
1732 2552 1834 2590 erat,
1868 2546 1969 2596 apud

251 2615 484 2651 Suetonium
516 2612 646 2651 Claud.
683 2617 734 2655 26
772 2614 934 2663 legerit?
995 2614 1071 2651 Sed
1105 2613 1200 2651 tales
1231 2614 1557 2652 sententiolarum
1587 2615 1754 2664 ineptias
1793 2613 1970 2651 solt-hant

250 2682 289 2718 in
337 2686 486 2718 textum
531 2680 723 2719 luvenalis
766 2682 934 2719 inferre:
982 2682 1029 2719 cf.
1064 2681 1078 2719 1
1121 2685 1181 2722 14.
1227 2681 1275 2719 llI
1317 2684 1407 2723 113.
1459 2682 1486 2718 V
1518 2683 1582 2722 66.
1620 2684 1709 2721 140.
1759 2681 1841 2718 vill
1877 2684 1965 2721 134.

255 2753 331 2789 140
363 2760 419 2797 sq.
462 2748 508 2785 lx
546 2751 596 2789 79
628 2759 685 2796 sq.
729 2752 806 2791 118
839 2759 922 2797 sqq.
966 2748 1015 2786 lx
1047 2752 1112 2791 99.
1149 2751 1239 2791 108.
1301 2748 1349 2786 Et
1387 2747 1522 2786 similis
1559 2749 1599 2785 in
1638 2752 1770 2785 nostra
1810 2758 1966 2796 quoque

250 2816 367 2853 satira
400 2827 430 2853 v.
453 2817 532 2856 460
564 2819 623 2852 cst

660 2894 920 2930 intolerabilius
952 2896 1038 2931 nihil
1067 2901 1122 2931 est
1153 2907 1259 2943 quam
1290 2895 1420 2931 semina
1451 2895 1546 2930 dives

253 2994 367 3032 quem
407 2983 584 3032 spurium
634 2994 719 3019 esse
773 2982 963 3020 intellexit
1001 2983 1228 3027 Paldanms,
1268 2988 1475 3032 suspectus
1513 2982 1576 3019 ille
1624 2981 1679 3018 vel
1728 2981 1882 3019 turbato
1927 2982 1966 3019 in

253 3049 362 3087 libris
401 3050 648 3098 sequentium
687 3062 751 3086 sex
792 3061 975 3087 versuum
1015 3050 1171 3093 ordine,
1211 3050 1249 3087 id
1289 3049 1391 3099 quod
1432 3049 1768 3099 interpolamcntis
1806 3048 1967 3085 invectis

253 3117 478 3166 saepissime
511 3129 582 3153 usu
616 3118 766 3154 venisse,
798 3120 932 3154 notum
954 3121 1023 3154 est.
1063 3117 1188 3166 Atque
1208 3117 1317 3155 illum
1349 3128 1505 3166 quoqne
1536 3119 1614 3156 460
1648 3116 1714 3164 qui
1744 3116 1853 3158 fecit,
1887 3127 1965 3153 non

253 3183 299 3220 ad
331 3184 552 3231 sequentia,
587 3194 685 3232 quae
717 3183 838 3220 aliena
872 3197 890 3221 a
923 3183 1063 3221 divitiis
1094 3189 1202 3228 sunt,
1243 3185 1310 3222 scd
1348 3184 1392 3221 ad
1433 3182 1699 3221 antecedentia
1733 3186 1965 3224 -157—495
