2330 3606
406 167 489 212 338
711 169 750 208 H.
782 173 821 207 A.
853 169 987 208 KOCH:
1021 167 1320 207 CONIECTANEA
1344 153 1393 207 '1N
1424 168 1591 207 POETAS
1620 168 1816 208 LATINOS.

409 283 670 324 Scribendum
711 287 786 321 est:
833 284 962 321 Para
996 284 1116 329 fides,
1159 283 1205 321 cf.
1241 294 1315 320 am.
1358 287 1401 327 1,
1445 286 1491 327 3,
1535 286 1559 324 6
1605 285 1742 332 accipe
1777 285 1846 331 qul
1875 293 1985 331 para
2023 285 2127 321 norit

409 365 548 392 (unare
573 354 677 400 fide,·
717 364 804 403 epp.
840 364 886 390 ex
927 351 1051 390 Ponto
1084 356 1129 396 4,
1164 355 1235 395 10,
1269 354 1321 394 82
1361 352 1447 398 quis
1484 351 1597 388 labor
1619 358 1674 388 est
1703 362 1854 399 puram
1891 362 1968 389 77077
2003 356 2124 389 teme-

404 433 516 460 rasse
547 422 679 468 fidem.
750 419 862 465 Quod
904 432 1027 470 purae
1065 419 1154 457 fidei
1193 419 1433 457 contrarium
1474 425 1533 457 est
1571 417 1760 457 habemus
1800 431 1887 470 epp.
1933 422 2003 462 10,
2044 421 2123 460 116

404 495 441 528 ct
467 491 563 528 data
586 489 769 539 poscenti
796 498 935 526 nomen
960 489 1079 525 77777770
1100 487 1213 533 fides.

461 605 547 653 Epp.
570 607 610 645 6,
632 606 695 639 99:
728 604 832 639 Adde
854 604 955 649 qaod
974 603 1141 639 adscribi
1156 601 1273 648 factis
1288 612 1570 648 procerumque
1594 603 1741 647 tuisque

835 671 882 706 Sc
900 670 1007 717 favet
1027 675 1062 706 et
1084 671 1189 706 titulo
1213 671 1381 717 coniuqis
1402 681 1503 706 uxor
1524 671 1638 706 obest.

517 760 573 800 Ne
606 760 652 799 ad
682 759 1022 810 interpretamlum
1059 765 1215 810 poetam
1247 758 1478 797 Ovidianum
1516 770 1653 796 vocem
1684 757 1899 796 Ennianam
1938 757 2120 797 adhibea-

404 841 492 867 mus
525 841 544 867 0
575 840 713 872 versu,
747 840 863 879 quem
887 828 1070 866 Heinsius
1093 826 1231 871 attulit,
1265 839 1353 865 ann.
1385 830 1465 869 376
1488 825 1595 864 Vahl.
1619 831 1822 864 matronae
1843 837 1992 864 moeros
2013 837 2123 865 com-

401 899 511 946 plent
538 902 718 946 spectare
746 896 937 944 faventes,
970 895 1169 934 lenissima
1199 895 1414 933 mutatione
1447 894 1685 933 scribemus:
1719 894 1770 932 Se
1800 895 1939 933 labet.

461 1013 551 1061 Epp.
574 1014 605 1052 6,
630 1014 713 1046 105;
748 1012 831 1047 Non
846 1012 989 1057 probat
1010 1011 1198 1046 Alcimede
1220 1015 1341 1045 mater
1363 1015 1427 1045 [aa
1452 1030 1497 1034 ——
1523 1011 1675 1045 consule
1697 1014 1856 1045 matrem
1881 1030 1925 1034 —

832 1079 917 1115 Non
934 1083 1069 1125 pater,
1094 1091 1117 1114 77
1137 1079 1256 1125 aclide
1278 1079 1342 1113 cai
1360 1079 1459 1114 venit
1480 1088 1556 1113 77.το
1577 1088 1711 1113 naras.

516 1169 559 1207 In
591 1167 662 1206 1130
694 1168 912 1206 sententiae
943 1167 1252 1205 conformatione
1285 1179 1374 1205 cum
1397 1166 1501 1216 quod
1523 1178 1597 1204 nec
1628 1171 1753 1205 mater
1784 1178 1857 1204 1100
1886 1171 1998 1217 pater
2028 1179 2120 1218 pro-

403 1237 470 1276 bet
498 1236 596 1275 illud
625 1237 755 1287 ipsum
788 1248 886 1280 esse,
920 1234 1024 1285 quod
1056 1247 1181 1273 nurus
1212 1234 1439 1279 advehatur,
1472 1246 1543 1285 per
1575 1246 1616 1273 se
1648 1239 1845 1285 appareat,
1878 1235 1981 1285 patri
2012 1246 2032 1272 3
2053 1245 2119 1284 ge-

402 1305 481 1343 lido
513 1317 584 1343 axe
615 1315 760 1343 nurum
800 1304 934 1341 venire
973 1315 1043 1341 cur
1084 1303 1280 1354 expressis
1320 1302 1448 1341 verbis
1487 1307 1840 1346 commemoretur,
1881 1314 1998 1340 causa
2037 1303 2123 1340 erui

402 1378 533 1424 potest
563 1372 683 1411 nulla.
745 1372 883 1421 Itaque
914 1370 1152 1409 scribemus:
1187 1383 1212 1409 77
1238 1372 1370 1418 (seledo
1395 1382 1520 1419 quae
1549 1373 1651 1410 vem't
1677 1382 1755 1409 asce
1784 1382 1919 1409 nurus.

466 1489 556 1538 Epp.
585 1492 604 1524 7
618 1518 626 1529 ,
656 1489 717 1523 83:
751 1487 793 1523 Si
812 1497 980 1534 quaeras
1003 1487 1065 1522 abi
1083 1487 1131 1521 sit
1149 1485 1313 1532 formosi
1333 1490 1454 1521 mater
1476 1486 1563 1530 Iuli,

833 1555 974 1591 Occidit
995 1566 1018 1589 a
1039 1555 1136 1589 dara
1157 1555 1239 1589 sola
1259 1554 1392 1590 relicta
1413 1556 1506 1590 viro.

749 1623 858 1659 Haec
879 1622 969 1658 7777777
987 1633 1192 1658 narraras.
1235 1627 1274 1657 at
1294 1633 1350 1657 me
1373 1632 1511 1658 novere
1533 1626 1748 1657 merentem.

840 1690 913 1727 Vre
934 1691 1057 1726 minor
1077 1691 1192 1736 culpa
1208 1700 1337 1736 poena
1354 1689 1494 1736 settara
1516 1700 1598 1725 mea
1619 1694 1685 1725 est.

515 1781 571 1820 Ita
602 1780 643 1819 P.
677 1791 876 1817 narraras
905 1785 948 1817 at
977 1790 1037 1817 mc
1068 1790 1208 1818 novere
1232 1784 1440 1817 mcrentem
1470 1778 1571 1816 Inde
1599 1779 1726 1816 minor
1757 1778 1800 1816 G.
1832 1778 1914 1816 Illa
1944 1778 1973 1816 P
2002 1790 2052 1816 m.
2087 1790 2117 1817 5.

396 1850 541 1897 futura
562 1854 630 1887 tua
661 1852 717 1886 est
753 1847 796 1885 G.
858 1847 913 1886 De
951 1848 1078 1898 primo
1118 1859 1231 1885 versu
1270 1846 1370 1885 benc
1411 1847 1555 1884 meruit
1593 1845 1799 1889 Loersius,
1841 1846 1906 1895 qui
1945 1846 2119 1895 quamvis

401 1917 626 1956 dubitanter
656 1916 864 1966 proposuit
895 1914 1147 1953 scribendum
1180 1927 1284 1953 esse:
1326 1915 1439 1952 Haec
1475 1915 1573 1952 7777777·
1607 1925 1818 1952 narraras.
1875 1918 1917 1951 at
1945 1924 2005 1951 me
2034 1924 2119 1951 mo-

399 1998 489 2025 vere
517 1980 757 2023 merentem?
788 1994 863 2032 qua
886 1983 1102 2021 certissima
1126 1982 1399 2021 emendatione
1420 1987 1591 2032 recepta,
1624 1982 1698 2019 11151
1729 1980 1832 2031 quod
1863 1982 1948 2019 voci
1978 1986 2020 2019 at
2038 1982 2117 2020 for-

398 2059 503 2092 tasse
524 2051 880 2101 Heusingerianum
911 2062 965 2088 an
992 2050 1296 2101 praefercmlum
1330 2055 1407 2094 est,
1448 2049 1541 2088 dicit
1570 2054 1707 2100 poeta:
1750 2060 1986 2099 quamquam
2024 2047 2119 2087 mihi

400 2121 588 2160 Creusam
618 2132 638 2157 a
671 2123 708 2156 te
739 2117 915 2156 relictam
948 2130 1035 2156 0550
1065 2130 1268 2162 narraras,
1310 2130 1387 2156 non
1424 2130 1487 2155 1110
1519 2116 1656 2168 culpae
1687 2116 1896 2155 obnoxiam
1926 2116 2022 2155 11300
2053 2121 2118 2154 tua

399 2190 585 2232 narratio,
619 2200 693 2238 qua
716 2186 878 2238 perfidia
899 2185 1257 2230 demonstrabatur,
1289 2186 1420 2223 movit.
1470 2185 1606 2223 Restat
1634 2184 1732 2223 alter
1753 2196 1890 2222 versus
1910 2185 1962 2222 ita
1985 2195 2116 2222 emen-

399 2256 569 2295 dandus:
621 2256 720 2293 Vna
748 2256 876 2292 77777707·
903 2256 1023 2303 calpa
1049 2265 1180 2302 poena
1205 2253 1350 2300 sutura
1375 2264 1461 2291 mea
1491 2258 1568 2297 est,·
1605 2253 1652 2290 cf.
1683 2252 1801 2303 Prop.
1836 2256 1880 2296 5,
1915 2256 1958 2296 4,
1993 2256 2044 2294 17
2083 2257 2119 2290 et

398 2326 494 2363 satis
530 2334 611 2362 777777
646 2325 776 2361 malae
814 2324 938 2371 potuit
970 2333 1075 2360 mors
1113 2333 1195 2360 esse
1229 2323 1406 2370 paellae,
1451 2321 1557 2366 Oetae
1594 2322 1711 2359 voluit
1734 2323 1922 2368 flammas
1953 2319 2115 2368 fallere,

408 2393 540 2439 Vesta,
570 2388 688 2429 tuas?

454 2506 534 2543 Met.
557 2510 596 2546 2,
619 2506 703 2539 733:
1044 2504 1355 2550 chlamydemque
1377 2508 1417 2538 at
1435 2504 1604 2549 pendeat
1626 2507 1712 2549 apte

741 2572 917 2615 Collocat,
941 2576 982 2607 ut
1003 2572 1136 2607 limbus
1157 2575 1346 2617 totamque
1368 2576 1559 2618 appareat
1581 2582 1733 2606 aarum.

511 2660 683 2700 Nimium
715 2664 753 2697 et
783 2658 1069 2698 subridiculum
1108 2659 1171 2697 dei
1208 2660 1249 2697 in
1281 2659 1482 2711 chlamyde
1515 2658 1786 2710 componenda
1816 2658 1989 2697 studium
2020 2670 2113 2696 voce

397 2735 515 2768 totum
543 2728 760 2770 indicatur;
802 2727 868 2776 qui
905 2726 1057 2765 divitias
1096 2731 1315 2777 ostentare,
1354 2739 1433 2765 non
1465 2728 1532 2776 qui
1561 2726 1716 2778 puellae
1746 2725 1904 2777 placere
1936 2731 2111 2776 cuperet,

400 2795 613 2835 eiusmodi
644 2800 727 2834 arte
760 2798 951 2833 uteretur.
1014 2795 1149 2843 Itaque
1180 2794 1419 2833 scribemus:
1457 2796 1731 2842 latamqae;
1769 2794 1816 2831 cf.
1851 2797 1895 2837 6,
1929 2796 2010 2836 567
2045 2805 2114 2832 ve—

397 2866 549 2902 lamina
580 2864 733 2902 Procne
763 2862 912 2911 De're'pit
949 2873 1000 2900 esc
1038 2862 1183 2900 mlieris
1221 2873 1320 2900 777770
1353 2862 1555 2911 falqcnte'a
1590 2864 1692 2906 lat0‚·
1731 2873 1817 2912 epp.
1852 2865 1897 2904 9,
1933 2863 2011 2903 127
2048 2863 2114 2898 777-

394 2933 579 2980 meda-ur
609 2933 687 2970 late
714 2933 793 2969 lato
822 2929 1046 2978 spectabilis
1083 2940 1206 2974 77177’0,·
1243 2930 1357 2980 Verg.
1391 2931 1485 2969 Aen.
1520 2934 1557 2974 5,
1592 2931 1671 2971 312
1710 2930 1789 2966 lato
1817 2939 1933 2974 qaam
1964 2930 2113 2967 circam

397 3001 646 3048 amplectitur
676 3009 776 3037 auro
802 2997 978 3036 Balteus.

454 3113 533 3150 Met.
556 3118 594 3154 2,
616 3117 701 3148 774:
732 3112 919 3160 Ingemuit
941 3112 1154 3157 vultumque
1175 3113 1251 3147 ima
1272 3113 1323 3148 ad
1341 3113 1511 3158 suspiria
1532 3113 1652 3147 duxit.

512 3203 608 3240 Cum
638 3213 712 3239 1100
741 3202 820 3239 777777
847 3202 1021 3249 suspiria
1060 3199 1120 3238 vel
1152 3200 1277 3239 Ovidii
1314 3199 1374 3238 vel
1413 3199 1635 3249 aequalium
1671 3202 1879 3248 poetarum
1910 3210 1984 3237 usu
2014 3210 2108 3237 con-
