2330 3606
387 163 468 204 316
692 167 732 202 ΙΙ.
765 168 803 202 Α.
835 165 969 202 tiocli:
1001 165 1302 202 CONIECTANEA
1333 166 1374 202 IN
1403 165 1569 202 POETAS
1600 167 1794 204 LATINOS.

388 290 407 316 a
439 278 638 317 Britannia
671 283 708 317 et
739 276 861 317 Gallia
891 277 1071 329 proximo
1114 288 1229 315 versu
1266 276 1312 315 ad
1344 277 1575 328 Pompeium
1614 282 1652 316 et
1683 279 1887 318 Caesarem
1927 291 1968 317 se
2007 291 2098 318 con-

386 347 502 385 vertit
531 350 667 397 poeta,
711 351 791 385 tum
825 358 896 384 vox
927 347 1031 385 hunc
1068 344 1316 384 incommode
1355 346 1502 384 iterata.
1567 345 1643 384 Sed
1683 346 1798 385 huius
1835 348 1958 398 ipsius
1998 348 2101 385 vocis

386 413 489 453 aliud
520 415 654 453 vitium
689 419 767 459 est,
802 414 924 464 quod,
958 418 1165 465 postquam
1197 414 1422 464 superiores
1453 414 1672 453 Mamm-rae
1703 416 1862 466 rapinae
1895 428 2098 454 enumera-

385 487 446 520 tae
485 487 576 521 sunt
615 482 802 535 (palerna
836 484 971 532 prima
1005 484 1209 521 lcmcinuln
1243 486 1333 519 sunl
1363 482 1483 528 bona,
1522 482 1706 521 Secunda
1732 485 1889 532 praeda
1926 484 2101 532 Pontica,

385 551 477 588 Inde
503 552 617 589 tertia
648 550 831 599 Hibera),
874 552 956 589 eius
995 551 1184 601 temporis
1224 561 1300 599 quo
1339 551 1379 588 in
1411 550 1572 589 Galliam
1611 556 1649 589 et
1687 552 1925 590 Britanniam
1963 552 2102 590 invasit

385 620 604 657 accuratior
635 620 864 669 significatio
898 623 1159 670 exspectatur.
1222 618 1356 669 Itaque
1387 619 1557 669 primum
1591 632 1679 658 eum
1710 618 1925 659 Ribbeckio
1959 619 2096 671 (annal.

386 686 517 737 philol.
554 691 660 731 1862
692 700 728 738 p.
762 688 855 739 377)
888 688 992 727 hune
1022 688 1061 725 in
1096 698 1201 725 nunc
1239 685 1495 730 mutabimus,
1529 687 1689 732 deinde,
1723 687 1825 738 quod
1862 688 1901 726 in
1931 687 2102 726 editione

386 756 571 794 Vossiana
603 769 634 794 a.
672 759 778 799 1684
810 760 1044 807 occupatum
1074 754 1206 796 video,
1246 753 1485 793 scribemus:
1522 756 1673 794 Galliae
1710 758 1894 802 liment,
1933 758 2104 795 timent

384 823 636 865 Britanniae.
699 825 843 862 Vocum
881 825 1013 862 limem
1041 824 1174 862 liment
1202 823 1356 861 iteratio
1390 822 1678 873 elegantissima
1711 823 2010 863 commendatur
2042 823 2102 862 his

385 891 539 930 duobus
570 891 667 930 locis
699 892 924 931 Catullianis
959 895 1028 936 16,
1064 894 1114 933 13
1145 893 1180 929 si
1208 897 1247 929 tu
1280 892 1417 929 oblicus
1452 903 1511 939 es,
1548 897 1589 930 al
1623 893 1667 930 di
1702 893 1980 941 meminerunt,
2017 903 2103 930 me—

383 961 494 997 minit
522 960 666 1004 Fides,·
704 963 776 1004 24,
812 963 834 1003 8
865 971 970 998 nune
996 960 1045 997 ab
1074 961 1251 1008 ccuspicio
1281 959 1379 998 bono
1400 960 1576 1008 profecti
1606 960 1755 999 Mulin's
1789 961 1930 999 animis
1969 966 2104 999 amant

384 1033 582 1066 amantur.
643 1040 748 1067 nunc
779 1029 894 1066 etiam
927 1031 998 1072 12,
1034 1030 1085 1070 16
1115 1028 1156 1066 in
1186 1028 1292 1066 bunc
1323 1032 1551 1079 corruptum
1586 1032 1655 1067 est.

441 1146 494 1184 16,
515 1146 576 1180 29;
611 1144 776 1180 Gaudete
797 1154 934 1191 vosque
956 1155 976 1180 o
998 1144 1139 1191 Lydiae
1159 1145 1268 1180 lucus
1288 1145 1426 1180 undae.

496 1233 575 1272 Nec
604 1234 757 1283 Lydiae
784 1235 897 1272 lacus
935 1234 1068 1272 undae
1104 1245 1177 1271 nec
1209 1233 1313 1283 quod
1345 1232 1618 1272 Lachmannus
1655 1233 1821 1271 coniecit
1849 1233 2000 1272 Libuae
2037 1245 2100 1271 ve-

383 1314 472 1340 rum
513 1314 599 1340 esse
638 1303 728 1341 inde
766 1303 984 1341 certissime
1025 1300 1239 1351 colligitur,
1279 1300 1384 1352 quod
1421 1305 1535 1351 poeta
1575 1314 1595 1340 a
1634 1301 1859 1351 longinquis
1896 1301 2103 1340 itineribus

383 1369 552 1409 feliciter
583 1369 708 1409 redux
742 1375 780 1409 et
813 1370 921 1408 lacus
961 1369 1203 1408 dilectissimi
1242 1369 1431 1421 adspectu
1471 1368 1595 1408 elatus
1633 1369 1717 1407 fieri
1755 1370 1892 1419 nequit
1937 1374 1981 1408 ut
2020 1370 2103 1408 eius

383 1438 489 1477 modi
519 1438 708 1477 vocabulo
740 1438 926 1477 laetitiam
958 1437 1227 1476 declaraverit.
1270 1438 1372 1476 Num
1405 1436 1508 1487 quod
1540 1437 1687 1476 Libuae
1718 1436 1779 1475 vel
1800 1436 1943 1489 Lydiae
1974 1437 2103 1476 undae

384 1511 494 1546 erant
517 1507 565 1545 iis
595 1506 779 1546 nobilitas
811 1506 1002 1556 quaedam
1033 1506 1224 1545 accessit?
1256 1517 1351 1544 num
1381 1505 1470 1543 ideo
1501 1509 1659 1556 praeter
1691 1509 1842 1544 ceteras
1872 1505 2101 1556 praedican-

383 1574 453 1614 dae
483 1575 619 1614 erant?
664 1575 787 1614 Immo
810 1576 894 1626 ipsa
921 1576 1042 1613 virtus
1075 1585 1150 1624 qua
1177 1574 1285 1613 lacus
1309 1572 1533 1625 praestabat
1558 1584 1712 1622 quaque
1736 1577 1876 1624 poetae
1900 1574 2103 1613 redeuntis

382 1644 555 1682 animum
593 1643 865 1694 permulcebat
903 1642 1247 1681 commemoranda
1286 1646 1380 1680 erat.
1457 1642 1591 1691 Itaque
1635 1642 1839 1680 verissime
1886 1642 2103 1681 Guarinum

382 1712 596 1750 coniecisse
628 1710 877 1750 censebimus
908 1712 1075 1758 lucidae,
1108 1710 1212 1760 quod
1245 1709 1521 1748 commendant
1543 1721 1632 1747 eum
1655 1708 1773 1747 verba
1797 1720 1895 1758 quae
1920 1711 1959 1748 in
1980 1711 2103 1761 ipsius

382 1778 498 1818 huius
529 1780 713 1818 carminis
744 1792 860 1818 versu
892 1779 1015 1818 altero
1037 1779 1224 1829 leguntur
1255 1780 1294 1817 in
1324 1778 1558 1826 liquenlibus
1584 1779 1752 1825 sicconis,
1784 1781 1867 1816 tum
1899 1781 1935 1822 3,
1960 1782 1984 1821 9
2015 1789 2103 1817 eum

381 1849 529 1886 veniret
557 1859 582 1885 a
613 1849 742 1886 marei
762 1848 973 1886 Nouissime
1002 1848 1107 1885 hunc
1138 1847 1194 1885 acl
1226 1858 1347 1895 usque
1375 1846 1582 1895 limpidum
1611 1847 1766 1890 lucium
1805 1850 1877 1890 47,
1913 1850 1963 1889 19
2002 1857 2103 1885 can—

381 1916 479 1954 dida
507 1918 757 1965 permulcens
785 1916 945 1964 liquidis
982 1917 1144 1964 vestiqia
1174 1916 1366 1964 lympbis;
1406 1917 1478 1958 42,
1513 1918 1536 1957 9
1576 1914 1761 1952 dicuntur
1791 1914 1964 1961 liquidas
1991 1915 2103 1964 Nep—

380 1986 466 2023 tuni
493 1996 608 2022 nasse
637 1996 710 2033 per
740 1985 881 2022 undas.
925 1984 978 2022 Cf.
1015 1985 1131 2023 etiam
1155 1983 1280 2022 Ovidii
1308 1986 1400 2020 met.
1426 1985 1462 2026 2,
1488 1985 1567 2025 365
1599 1982 1755 2020 lucidus
1781 1983 1931 2027 amnis‚·
1962 1986 1999 2027 4,
2022 1985 2103 2026 297

380 2053 484 2091 videt
504 2053 568 2091 hie
588 2056 769 2100 slaqnum
793 2054 956 2090 lucenii's
981 2053 1037 2090 ad
1055 2054 1174 2090 imum
1210 2052 1335 2099 Vsque
1365 2053 1485 2088 solum
1516 2050 1723 2099 lympha&-
1747 2051 1841 2088 artis
1863 2063 1937 2089 am.
1960 2054 1997 2095 3,
2022 2054 2103 2093 204

380 2121 511 2160 lucide
548 2120 702 2169 Cydne:
739 2120 832 2159 Hor.
868 2132 986 2159 earm.
1022 2123 1066 2164 3,
1102 2123 1174 2163 13,
1210 2123 1230 2161 1
1270 2130 1292 2157 o
1325 2119 1419 2166 fons
1449 2118 1681 2156 Bandusiae
1708 2118 1955 2166 splendidior
1985 2120 2103 2163 miro,-

382 2188 582 2228 Claudiani
613 2191 684 2233 49,
718 2191 770 2231 32
806 2188 878 2227 secl
905 2189 1038 2227 vitreis
1064 2188 1166 2226 idem
1200 2186 1333 2237 (lacus)
1366 2187 1520 2226 lucidus
1547 2197 1669 2235 usque
1695 2185 1819 2224 vadis.

439 2305 491 2345 19,
515 2307 576 2340 ⁶28:
1036 2313 1198 2350 namque
1221 2304 1332 2338 totius
1353 2303 1453 2339 vobis

611 2371 791 2408 Frontem
814 2372 994 2408 tabernae
1015 2372 1276 2418 scorpionibus
1296 2371 1472 2407 scribam.

493 2459 755 2508 Redeundum
788 2472 874 2499 esse
906 2473 926 2500 a
957 2461 1074 2499 variis
1103 2459 1164 2498 vel
1194 2459 1448 2498 librariorum
1481 2458 1538 2497 vel
1571 2459 1744 2497 virorum
1766 2457 1973 2496 doctorum
1996 2469 2101 2496 com-

381 2530 546 2570 mentis:
585 2528 870 2577 scorpionibus,
913 2529 1157 2578 sopionibus,
1197 2527 1452 2576 scipionibus,
1492 2525 1635 2576 quibus
1667 2525 1763 2564 nihil
1794 2525 2016 2577 proficitur,
2055 2524 2102 2564 ad

381 2596 543 2638 Marcilii
574 2596 839 2635 coniecturam
870 2596 1231 2645 scriptionibus
1260 2596 1450 2645 scribam,
1488 2596 1527 2633 in
1560 2605 1677 2644 quam
1709 2604 1779 2643 ego
1820 2604 1976 2643 quoque
2005 2593 2101 2631 inci-

381 2666 536 2710 deram,
571 2664 686 2703 docet
718 2676 812 2702 usus
834 2663 973 2703 Catulli
1005 2663 1051 2702 ab
1087 2665 1169 2702 eius
1198 2663 1303 2702 modi
1334 2662 1507 2707 lusIbus,
1548 2661 1690 2712 quibus
1711 2661 1892 2700 Plautum
1922 2661 2103 2712 inprimis

382 2733 592 2773 indulsisse
624 2725 794 2777 constat,
834 2732 994 2770 minime
1025 2731 1160 2774 alieni;
1195 2731 1241 2769 cf.
1268 2735 1313 2775 4,
1343 2734 1393 2772 21
1434 2735 1513 2769 iam
1551 2735 1586 2768 le
1622 2730 1733 2768 basia
1763 2730 1886 2767 mulia
1922 2728 2079 2766 basiare
2091 2743 2104 2773 ,-

382 2806 426 2847 6,
470 2806 521 2845 17
567 2802 635 2850 qui
665 2801 804 2839 veleris
837 2800 978 2849 pedem
1013 2799 1169 2848 araboli
1210 2799 1260 2837 In
1296 2801 1394 2838 collo
1427 2799 1503 2837 sibi
1536 2799 1732 2837 collocare
1768 2799 1918 2846 posset,·
1964 2799 2007 2840 8,
2049 2799 2102 2839 27

380 2870 546 2909 odissem
582 2873 617 2907 le
653 2869 743 2907 odio
789 2868 1021 2912 Vatiniano,·
1073 2870 1144 2909 12,
1188 2870 1238 2909 16
1284 2867 1385 2905 idem
1426 2866 1602 2914 infaceto
1646 2869 1702 2904 est
1738 2864 1951 2912 infacetior
1983 2875 2103 2909 rure,-

382 2941 455 2982 13,
481 2941 529 2979 11
563 2937 668 2976 nanc
697 2936 754 2974 ad
781 2935 1006 2974 munditiem
1040 2935 1144 2973 cedde
1173 2935 1439 2980 mundiorem,-
1471 2938 1541 2978 52,
1574 2937 1626 2976 27
1658 2934 1756 2972 haee
1793 2938 1872 2970 lum
1899 2932 2102 2971 clarisona

381 3007 563 3044 vellentes
590 3006 737 3043 vellera
768 3014 877 3051 voce,
914 3007 958 3042 ut
995 2995 1197 3041 verissime
1230 3001 1422 3052 Bergkius
1461 3003 1630 3053 scripsit.
1693 2999 1838 3039 Eadem
1877 2999 2101 3039 coniectura

383 3072 598 3112 sanandum
631 3084 717 3111 esse
749 3072 920 3111 arbitror
951 3070 1078 3109 locum
1111 3071 1283 3109 Petronii
1315 3082 1432 3120 quem
1465 3069 1634 3108 editores
1666 3066 1937 3107 contulerunt:
1970 3069 2044 3112 24,
2079 3071 2097 3108 1

385 3139 574 3191 (Buech.)
615 3141 764 3179 ancilla
795 3144 911 3179 totam
939 3138 1089 3187 faeiem
1125 3140 1208 3177 eius
1242 3138 1414 3186 suliqine
1450 3139 1569 3185 longia
1597 3136 1812 3185 perfricuit
1837 3138 1875 3173 et
1903 3145 1979 3173 non
2007 3145 2102 3173 sen-

385 3193 510 3246 tientis
538 3208 651 3246 labra
683 3208 938 3256 humerosque
958 3207 1207 3256 sopitionibus
1232 3207 1384 3254 pinoeil,
1414 3205 1480 3243 ubi
1503 3203 1753 3242 scribendum
1777 3207 1837 3241 est
1856 3214 1935 3241 ser
1946 3204 1961 3241 i
1964 3204 2101 3251 ptio—
