2330 3606
673 158 711 194 G.
743 158 892 194 THILO:
924 157 1251 194 EMENDATIONES
1283 158 1490 195 SILIANAE.
1853 155 1934 198 405

229 271 267 308 111
299 281 413 308 versu
444 271 495 310 46
520 268 642 316 pubes
680 267 836 307 exhibet
866 268 1070 307 Vaticanus
1111 271 1236 312 1652,
1268 270 1386 318 pubis
1414 269 1563 308 Barthii
1601 271 1823 310 coniectura
1863 276 1931 316 est,

229 336 318 375 olim
357 339 513 386 recepta
551 334 598 373 ab
644 335 869 374 editoribus.
939 337 1086 374 interea
1123 348 1216 375 voce
1254 338 1406 388 primus
1444 337 1615 376 offensus
1655 343 1714 377 est
1751 338 1934 378 Nieolaus

227 404 430 447 Heinsius;
463 413 591 452 neque
621 403 659 441 id
690 403 841 441 iniuria.
885 404 1034 442 interea
1065 404 1167 442 enim
1199 416 1326 454 neque
1357 404 1460 443 idem
1493 417 1578 443 esse
1600 410 1730 456 potest
1750 406 1825 445 hoc
1845 406 1931 445 loco

227 471 329 523 quod
360 471 512 509 interim
543 482 669 520 neque
706 469 807 507 idem
852 470 955 519 quod
993 471 1207 518 interdum,
1247 484 1362 522 quam
1394 473 1468 510 vim
1508 472 1624 511 habet
1662 474 1763 524 apud
1795 474 1932 513 Silium

226 539 293 578 VII
325 541 425 581 395;
457 549 547 576 nam
580 549 735 587 semper
766 549 881 575 senes
911 538 1112 576 iuventute
1143 538 1390 577 scelestiores
1423 545 1544 578 erant.
1607 539 1745 579 deinde
1777 541 1823 580 ad
1847 554 1933 590 pu-

224 607 281 644 bis
310 617 444 643 vocem
476 604 707 643 adiectivum
739 603 895 654 aliquod
927 605 1043 643 debet
1074 617 1159 643 esse
1191 606 1431 656 adpositum,
1465 608 1527 645 cui
1551 609 1738 656 pollutior
1776 621 1930 660 compa-

223 673 368 712 rativus
400 672 466 721 qui
497 675 556 709 est
593 673 632 710 in
662 683 779 709 versu
817 673 1041 722 insequenti
1077 673 1325 723 respondeat.
1388 675 1544 724 scripsit
1581 679 1711 713 autem
1750 675 1932 715 Heinsius

223 741 293 779 sed
316 741 416 778 enim
446 741 589 778 teneris
617 741 828 778 temeraria
861 741 1016 788 ephebis
1053 739 1111 777 vel
1142 742 1182 777 ‘in
1214 743 1355 779 teneris
1381 744 1595 780 temeraria
1623 743 1796 791 ephebis,
1837 755 1932 794 quas

223 809 468 846 coniecturas
499 808 574 845 iam
607 806 948 845 Drakenborchius
979 807 1071 845 vidit
1101 820 1121 846 a
1152 808 1302 846 traditis
1332 807 1473 847 litteris
1495 811 1658 848 nimium
1689 810 1808 849 abire.
1850 811 1929 851 Ru-

222 876 372 926 pertius
403 880 560 913 tenerae
589 873 780 912 librorum
814 875 1031 925 scripturae
1061 874 1377 914 substituendum
1401 889 1485 915 esse
1507 878 1727 928 suspicatus
1750 882 1819 917 est.
1863 879 1930 917 sed

221 948 354 981 tenera
380 943 503 991 pubes
534 943 664 992 inepte
696 941 850 980 dicitur.
912 941 1006 980 mihi
1037 942 1155 981 Silius
1193 944 1396 994 scripsisse
1436 944 1587 984 videtur
1625 946 1696 984 secl
1726 947 1828 984 enlm
1865 948 1932 985 in-

219 1015 348 1049 cestae
385 1011 595 1048 temeraria
632 1010 765 1058 pubes.
832 1011 1018 1048 incestam
1049 1015 1179 1049 31116111
1221 1012 1363 1059 pubem
1401 1011 1586 1062 intellego
1625 1012 1854 1052 sceleratam
1894 1019 1932 1052 et

219 1079 376 1129 inpiam.
439 1078 487 1116 cf.
521 1076 615 1115 Hor.
649 1088 766 1115 carm.
800 1076 850 1114 ΙΙΙ
883 1080 926 1121 2,
961 1080 1025 1119 30.
1076 1090 1170 1116 usus
1202 1082 1261 1116 est
1292 1090 1337 1116 eo
1370 1079 1557 1117 adiectivo
1590 1079 1706 1119 Silius
1737 1080 1802 1120 XV
1835 1085 1929 1126 448.

329 1213 371 1251 In
404 1212 541 1250 eodem
572 1210 672 1249 libro
704 1223 723 1249 3
754 1223 870 1249 versu
902 1215 980 1255 385
1019 1217 1133 1263 poeta
1176 1215 1346 1252 narravit
1377 1215 1568 1253 Venerem
1600 1215 1810 1266 Cupidines
1846 1217 1926 1255 ius·

217 1282 315 1319 sisse
346 1279 434 1318 telis
465 1280 544 1317 suis
578 1278 675 1317 clam
707 1279 848 1317 Poenis
879 1280 1114 1331 inexpletam
1146 1280 1349 1320 libidinum
1389 1281 1697 1332 deliciarumque
1736 1283 1924 1334 eupidita-

217 1353 295 1386 tem
325 1348 542 1390 inmittere,
577 1350 620 1384 ut
651 1357 749 1395 quos
780 1358 852 1384 nee
883 1359 990 1386 arina
1021 1360 1093 1386 nec
1123 1349 1233 1398 ignes
1264 1361 1336 1387 nee
1367 1349 1466 1388 mala
1496 1350 1679 1388 vicissent
1709 1350 1926 1402 voluptates

215 1414 431 1453 inmodicae
463 1413 686 1465 perderem.
749 1413 958 1463 Cupidines
990 1415 1178 1465 imperata
1210 1417 1357 1455 faciunt
1389 1422 1427 1456 et
1457 1417 1578 1456 Poeni
1617 1430 1637 1455 a
1669 1420 1926 1469 temperantia

216 1487 254 1521 et
276 1483 417 1521 virtute
439 1481 576 1520 bellica
599 1480 883 1530 degenerantes
914 1493 1042 1531 neque
1073 1483 1163 1520 vino
1196 1494 1324 1533 neque
1357 1484 1480 1535 epulis
1510 1497 1637 1536 neque
1660 1487 1811 1525 scaenis
1833 1499 1924 1525 cou-

214 1549 399 1589 vivalihus
430 1549 590 1588 exatiari
620 1553 794 1599 possunt.

482 1662 551 1688 nec
572 1653 689 1688 luscus
709 1653 809 1687 ullus
830 1662 1050 1700 mersaeque
1073 1654 1221 1689 libidine
1244 1656 1339 1691 vitae
1722 1660 1784 1691 427

485 1719 686 1766 Campanis
707 1721 857 1756 modus:
879 1722 1120 1757 accumulant
1141 1724 1343 1769 variasque
1360 1733 1434 1769 per
1455 1728 1559 1760 artes

480 1798 709 1825 scaenarum
729 1793 878 1824 certant
897 1790 1031 1835 epulas
1052 1788 1283 1837 distingjuere
1305 1792 1392 1827 ludo
1403 1806 1414 1830 ,-

482 1860 521 1892 ut
541 1857 675 1902 strepit
696 1856 844 1891 assidue
866 1856 1074 1904 Pltryyiam
1098 1859 1148 1893 acl
1168 1858 1328 1894 Nilotica
1350 1860 1448 1895 loton

480 1923 665 1969 Memphis
686 1923 885 1970 Amyclaeo
905 1926 1047 1971 passim
1070 1926 1210 1962 lasciva
1235 1925 1396 1973 Canopo.

212 2026 251 2063 in
281 2036 397 2062 versu
435 2027 511 2066 431
549 2025 697 2071 passim
737 2035 809 2061 vox
853 2028 890 2061 et
929 2024 1157 2063 Burmauuo
1195 2030 1373 2077 suspecta
1413 2027 1485 2065 fuit.
1523 2031 1560 2064 et
1591 2024 1923 2071 Drakenborchio,

212 2102 447 2142 quamquam
478 2095 617 2129 neuter
648 2092 681 2129 is
713 2102 848 2128 versus
879 2104 953 2142 qua
985 2093 1134 2130 ratione
1167 2093 1366 2131 emendari
1397 2099 1531 2145 posset
1559 2094 1664 2132 dixit.
1712 2094 1925 2145 Rupertius

211 2158 408 2210 Memphin
447 2170 518 2209 pro
557 2162 637 2196 tota
672 2159 846 2209 Aegypto
885 2160 1052 2209 positam
1092 2173 1177 2199 esse
1218 2166 1324 2199 ratus
1357 2163 1522 2200 coniecit
1559 2166 1625 2200 aut
1656 2161 1858 2211 Amyclaei
1886 2164 1926 2200 in

207 2227 319 2274 fossa
357 2225 415 2264 vel
461 2226 517 2263 ad
551 2225 703 2272 fossam
744 2226 895 2274 Canopi
933 2232 998 2265 aut
1037 2229 1245 2276 Anuselaeo
1284 2228 1395 2275 fossa
1433 2228 1492 2267 vel
1525 2229 1677 2276 fossam
1718 2231 1927 2268 msultcmte

213 2295 386 2342 Canopo.
427 2305 521 2331 usus
552 2293 615 2331 ille
649 2292 852 2331 Strabonis
894 2294 1022 2332 verbis
1060 2308 1158 2345 quae
1199 2300 1290 2334 sunt
1319 2296 1419 2334 XVIl
1450 2309 1486 2347 p.
1520 2300 1594 2339 801
1629 2296 1655 2335 C
1694 2294 1785 2336 ἀντὶ
1820 2295 1926 2337 πάν-

211 2374 297 2401 των
322 2360 365 2400 δ’
388 2359 494 2400 ἐετὶν
517 2359 540 2400 ὁ
557 2362 643 2401 τῶν
665 2363 986 2410 πανηγυριετῶν
1009 2360 1139 2411 ὄχλος
1159 2364 1246 2403 τῶν
1269 2361 1313 2402 ἐκ
1335 2364 1407 2412 τῆς
1428 2362 1740 2413 Ἀλεξανδρείας
1763 2363 1925 2405 κατιόν-

210 2442 296 2470 των
326 2431 374 2481 τῇ
410 2427 605 2477 διώρυγι·
647 2427 758 2467 πᾶεα
789 2428 868 2478 γὰρ
910 2428 1043 2479 ἡμέρα
1080 2429 1145 2469 καὶ
1175 2431 1285 2470 nacon
1316 2430 1390 2471 νὺξ
1426 2430 1600 2480 πληθύει
1630 2432 1716 2472 τῶν
1753 2430 1799 2473 ἐν
1837 2433 1926 2473 τοῖς

210 2494 444 2545 πλοιαρίοῑε
473 2494 827 2545 καταυλουμένων
858 2496 923 2536 καὶ
951 2497 1304 2547 κατορχουμένων
1334 2497 1488 2548 ἀνέδην
1523 2497 1623 2548 μετὰ
1652 2500 1724 2548 τῆς
1753 2498 1925 2550 ἐεχάτηε

210 2561 453 2609 ἀκολαείαεἢ
475 2562 540 2602 καὶ
561 2561 730 2612 ἀνδρῶν
752 2563 817 2603 καὶ
836 2566 1048 2612 γυναικῶν
1083 2580 1112 2603 e.
1140 2577 1175 2615 q.
1201 2578 1229 2603 s
1274 2571 1315 2604 111
1337 2566 1533 2618 Memphin
1557 2579 1628 2617 pro
1651 2571 1729 2605 tota
1751 2568 1923 2619 Aegypto

209 2644 287 2670 non
318 2631 449 2680 inepte
481 2629 623 2668 dictam
656 2642 740 2668 esse
779 2632 1035 2677 concedatur,
1076 2634 1327 2672 coniecturae
1365 2634 1451 2673 illae
1490 2635 1780 2673 artificiosiores
1819 2640 1921 2680 sunt,

210 2711 324 2749 quam
357 2709 456 2747 quae
487 2698 609 2748 recipi
639 2698 801 2748 possint.
846 2699 885 2737 F.
920 2700 964 2738 H.
998 2699 1162 2738 Bothius
1194 2702 1260 2751 qui
1292 2700 1478 2739 Siliauum
1511 2714 1667 2740 carmen
1698 2703 1737 2740 iu
1768 2707 1921 2741 nostra-

209 2771 287 2805 tem
325 2776 547 2803 sermouem
586 2777 817 2803 conversum
849 2766 1095 2816 Stutgardiae
1129 2772 1234 2811 1856
1267 2768 1386 2806 edidit
1417 2770 1582 2807 adsidue
1615 2775 1651 2807 et
1675 2772 1826 2818 passim
1856 2783 1921 2808 vo-

209 2846 274 2872 ces
304 2833 432 2871 iunxit
462 2843 605 2880 easque
639 2831 801 2870 eandem
832 2833 907 2871 vim
946 2833 1091 2872 habere
1129 2837 1262 2873 statuit
1302 2847 1415 2885 quam
1457 2836 1557 2886 apud
1590 2836 1787 2875 Tibullum
1820 2838 1852 2875 Π
1884 2841 1919 2881 3,

209 2904 259 2942 41
282 2898 474 2937 haberent
491 2901 610 2946 ylatas
631 2901 728 2937 alm't
747 2905 892 2938 ueteres
920 2905 957 2938 et
975 2904 1124 2949 passim
1144 2914 1296 2952 semper
1324 2908 1531 2946 anzarunt,·
1564 2905 1772 2951 Amyclaeo
1792 2908 1922 2942 autem

210 2967 368 3015 Canopo
413 2966 538 3004 dativo
585 2978 675 3005 casu
721 2966 822 3004 dicta
863 2979 947 3005 esse
987 2968 1147 3018 putabat
1189 2974 1226 3007 et
1264 2970 1438 3021 pendere
1484 2983 1501 3007 a
1541 2970 1739 3019 strependi
1778 2971 1918 3014 verbo;

209 3033 373 3084 simplex
412 3034 512 3072 enim
544 3033 706 3071 verbum
738 3037 891 3083 poetam
923 3036 1102 3085 posuisse
1134 3049 1205 3087 pro
1238 3038 1465 3087 composito.
1508 3038 1637 3085 itaque
1671 3049 1804 3075 versus
1834 3037 1920 3077 illos

208 3100 283 3138 hoc
313 3100 428 3139 modo
468 3103 600 3139 vertit:
637 3099 837 3151 gleiehwie
876 3114 922 3139 zu
961 3102 1030 3140 der
1068 3102 1331 3155 phrygischeu
1362 3103 1472 3141 ..Ulmo
1514 3103 1919 3144 wollustathmendem

208 3167 325 3211 Laut,
366 3168 428 3205 nie
469 3172 561 3211 satt,
602 3168 662 3205 dic
702 3167 907 3206 nilotische
945 3169 1134 3220 Memphis
1175 3172 1262 3215 Dir,
1306 3172 1505 3222 Canopus,
1551 3172 1917 3221 entgegenrauscln,
