<?xml version="1.0" encoding="UTF-8"?>
<!DOCTYPE html PUBLIC "-//W3C//DTD XHTML 1.0 Transitional//EN"
    "http://www.w3.org/TR/xhtml1/DTD/xhtml1-transitional.dtd">
<html xmlns="http://www.w3.org/1999/xhtml" xml:lang="en" lang="en">
 <head>
  <title>
</title>
<meta http-equiv="Content-Type" content="text/html;charset=utf-8" />
  <meta name='ocr-system' content='tesseract 3.04.00' />
  <meta name='ocr-capabilities' content='ocr_page ocr_carea ocr_par ocr_line ocrx_word'/>
</head>
<body>
  <div class='ocr_page' id='page_1' title='image "./symbolaphilologo01ritsuoft_0356.png"; bbox 0 0 2330 3606; ppageno 0'>
   <div class='ocr_carea' id='block_1_1' title="bbox 414 157 1820 199">
    <p class='ocr_par' dir='ltr' id='par_1_1' title="bbox 414 157 1820 199">
     <span class='ocr_line' id='line_1_1' title="bbox 414 157 1820 199; baseline -0.002 0"><span class='ocrx_word' id='word_1_1' title='bbox 414 157 498 199; x_wconf 80' lang='lat'>330</span> <span class='ocrx_word' id='word_1_2' title='bbox 720 162 759 197; x_wconf 82' lang='lat' dir='ltr'>H.</span> <span class='ocrx_word' id='word_1_3' title='bbox 791 162 831 196; x_wconf 90' lang='lat' dir='ltr'>A.</span> <span class='ocrx_word' id='word_1_4' title='bbox 863 160 997 197; x_wconf 85' lang='lat' dir='ltr'><strong>KOCH:</strong></span> <span class='ocrx_word' id='word_1_5' title='bbox 1030 160 1327 197; x_wconf 78' lang='lat' dir='ltr'><strong>CONIECTANEA</strong></span> <span class='ocrx_word' id='word_1_6' title='bbox 1359 160 1400 195; x_wconf 83' lang='grc' dir='ltr'>ΙΝ</span> <span class='ocrx_word' id='word_1_7' title='bbox 1430 160 1595 197; x_wconf 87' lang='lat' dir='ltr'><strong>POETAS</strong></span> <span class='ocrx_word' id='word_1_8' title='bbox 1625 160 1820 197; x_wconf 78' lang='lat' dir='ltr'><strong>LATINUS.</strong></span> 
     </span>
    </p>
   </div>
   <div class='ocr_carea' id='block_1_2' title="bbox 413 270 2128 388">
    <p class='ocr_par' dir='ltr' id='par_1_2' title="bbox 413 270 2128 388">
     <span class='ocr_line' id='line_1_2' title="bbox 413 270 2128 321; baseline -0.001 -11"><span class='ocrx_word' id='word_1_9' title='bbox 413 278 554 320; x_wconf 77' lang='lat' dir='ltr'>servat,</span> <span class='ocrx_word' id='word_1_10' title='bbox 586 277 628 310; x_wconf 79' lang='lat' dir='ltr'>at</span> <span class='ocrx_word' id='word_1_11' title='bbox 657 274 721 310; x_wconf 74' lang='lat' dir='ltr'>ille</span> <span class='ocrx_word' id='word_1_12' title='bbox 752 273 875 311; x_wconf 74' lang='lat' dir='ltr'>ducis.</span> <span class='ocrx_word' id='word_1_13' title='bbox 939 273 1019 311; x_wconf 81' lang='lat' dir='ltr'>Vox</span> <span class='ocrx_word' id='word_1_14' title='bbox 1050 274 1152 310; x_wconf 81' lang='lat' dir='ltr'>aller</span> <span class='ocrx_word' id='word_1_15' title='bbox 1183 271 1229 310; x_wconf 89' lang='lat' dir='ltr'>ad</span> <span class='ocrx_word' id='word_1_16' title='bbox 1261 270 1457 309; x_wconf 89' lang='lat' dir='ltr'>aemulum</span> <span class='ocrx_word' id='word_1_17' title='bbox 1490 271 1784 321; x_wconf 82' lang='lat' dir='ltr'>significandum</span> <span class='ocrx_word' id='word_1_18' title='bbox 1815 271 2023 310; x_wconf 78' lang='lat' dir='ltr'><strong>adhibetur</strong></span> <span class='ocrx_word' id='word_1_19' title='bbox 2053 270 2128 309; x_wconf 91' lang='grc'><strong>1100</strong></span> 
     </span>
     <span class='ocr_line' id='line_1_3' title="bbox 416 340 1958 388; baseline -0.001 -9"><span class='ocrx_word' id='word_1_20' title='bbox 416 341 555 379; x_wconf 78' lang='lat' dir='ltr'>eodem</span> <span class='ocrx_word' id='word_1_21' title='bbox 588 341 760 379; x_wconf 78' lang='lat' dir='ltr'><strong>carmine</strong></span> <span class='ocrx_word' id='word_1_22' title='bbox 791 353 823 378; x_wconf 76' lang='lat' dir='ltr'>V.</span> <span class='ocrx_word' id='word_1_23' title='bbox 858 344 911 383; x_wconf 81' lang='grc'>99</span> <span class='ocrx_word' id='word_1_24' title='bbox 942 351 1108 378; x_wconf 77' lang='lat' dir='ltr'>munera</span> <span class='ocrx_word' id='word_1_25' title='bbox 1135 341 1354 388; x_wconf 75' lang='lat' dir='ltr'>praece&#39;pue</span> <span class='ocrx_word' id='word_1_26' title='bbox 1380 340 1510 377; x_wconf 72' lang='lat' dir='ltr'>videat</span> <span class='ocrx_word' id='word_1_27' title='bbox 1538 350 1639 387; x_wconf 77' lang='lat' dir='ltr'>quae</span> <span class='ocrx_word' id='word_1_28' title='bbox 1670 341 1819 379; x_wconf 69' lang='lat' dir='ltr'>miserit</span> <span class='ocrx_word' id='word_1_29' title='bbox 1843 342 1958 379; x_wconf 81' lang='lat' dir='ltr'>alter.</span> 
     </span>
    </p>
   </div>
   <div class='ocr_carea' id='block_1_3' title="bbox 470 453 1644 569">
    <p class='ocr_par' dir='ltr' id='par_1_3' title="bbox 470 453 1644 569">
     <span class='ocr_line' id='line_1_4' title="bbox 470 453 1644 501; baseline -0.003 -9"><span class='ocrx_word' id='word_1_30' title='bbox 470 457 546 492; x_wconf 87' lang='lat' dir='ltr'>Am.</span> <span class='ocrx_word' id='word_1_31' title='bbox 581 462 616 496; x_wconf 95' lang='lat' dir='ltr'>l,</span> <span class='ocrx_word' id='word_1_32' title='bbox 641 458 681 496; x_wconf 76' lang='lat'>9,</span> <span class='ocrx_word' id='word_1_33' title='bbox 706 457 744 490; x_wconf 68' lang='grc' dir='ltr'>ὃς</span> <span class='ocrx_word' id='word_1_34' title='bbox 782 455 882 499; x_wconf 75' lang='lat' dir='ltr'>Quos</span> <span class='ocrx_word' id='word_1_35' title='bbox 901 456 1044 501; x_wconf 77' lang='lat' dir='ltr'>petiere</span> <span class='ocrx_word' id='word_1_36' title='bbox 1066 456 1181 491; x_wconf 77' lang='lat' dir='ltr'>duces</span> <span class='ocrx_word' id='word_1_37' title='bbox 1203 464 1324 490; x_wconf 74' lang='lat' dir='ltr'>annos</span> <span class='ocrx_word' id='word_1_38' title='bbox 1344 455 1381 489; x_wconf 75' lang='lat' dir='ltr'>in</span> <span class='ocrx_word' id='word_1_39' title='bbox 1404 455 1514 489; x_wconf 78' lang='lat' dir='ltr'>milite</span> <span class='ocrx_word' id='word_1_40' title='bbox 1533 453 1644 500; x_wconf 84' lang='lat' dir='ltr'>forti,</span> 
     </span>
     <span class='ocr_line' id='line_1_5' title="bbox 866 522 1617 569; baseline -0.003 -11"><span class='ocrx_word' id='word_1_41' title='bbox 866 523 947 559; x_wconf 88' lang='lat' dir='ltr'>Hos</span> <span class='ocrx_word' id='word_1_42' title='bbox 966 524 1058 569; x_wconf 76' lang='lat' dir='ltr'>petit</span> <span class='ocrx_word' id='word_1_43' title='bbox 1079 523 1117 558; x_wconf 79' lang='lat' dir='ltr'>in</span> <span class='ocrx_word' id='word_1_44' title='bbox 1137 524 1236 558; x_wconf 76' lang='lat' dir='ltr'>socio</span> <span class='ocrx_word' id='word_1_45' title='bbox 1258 522 1354 558; x_wconf 78' lang='lat' dir='ltr'>bella</span> <span class='ocrx_word' id='word_1_46' title='bbox 1370 523 1502 568; x_wconf 75' lang='lat' dir='ltr'>puella</span> <span class='ocrx_word' id='word_1_47' title='bbox 1525 526 1617 558; x_wconf 85' lang='lat' dir='ltr'>toro.</span> 
     </span>
    </p>
   </div>
   <div class='ocr_carea' id='block_1_4' title="bbox 413 610 2132 1000">
    <p class='ocr_par' dir='ltr' id='par_1_4' title="bbox 413 610 2132 1000">
     <span class='ocr_line' id='line_1_6' title="bbox 526 610 2129 662; baseline -0.002 -11"><span class='ocrx_word' id='word_1_48' title='bbox 526 612 646 651; x_wconf 84' lang='lat' dir='ltr'>Recte</span> <span class='ocrx_word' id='word_1_49' title='bbox 668 611 730 651; x_wconf 90' lang='grc'><strong>1110</strong></span> <span class='ocrx_word' id='word_1_50' title='bbox 751 611 1039 650; x_wconf 82' lang='lat' dir='ltr'>Bersmannum</span> <span class='ocrx_word' id='word_1_51' title='bbox 1070 624 1142 662; x_wconf 92' lang='lat' dir='ltr'>pro</span> <span class='ocrx_word' id='word_1_52' title='bbox 1166 611 1343 649; x_wconf 81' lang='lat' dir='ltr'>codicum</span> <span class='ocrx_word' id='word_1_53' title='bbox 1367 611 1561 661; x_wconf 80' lang='lat' dir='ltr'>scriptura</span> <span class='ocrx_word' id='word_1_54' title='bbox 1583 612 1671 649; x_wconf 73' lang='lat' dir='ltr'>uiro</span> <span class='ocrx_word' id='word_1_55' title='bbox 1697 610 1743 649; x_wconf 91' lang='lat' dir='ltr'>ad</span> <span class='ocrx_word' id='word_1_56' title='bbox 1766 615 1978 649; x_wconf 81' lang='lat' dir='ltr'>amatorem</span> <span class='ocrx_word' id='word_1_57' title='bbox 2011 611 2129 660; x_wconf 83' lang='lat' dir='ltr'>signi-</span> 
     </span>
     <span class='ocr_line' id='line_1_7' title="bbox 413 677 2129 731; baseline -0.002 -11"><span class='ocrx_word' id='word_1_58' title='bbox 413 681 608 719; x_wconf 87' lang='lat' dir='ltr'>ficandum</span> <span class='ocrx_word' id='word_1_59' title='bbox 629 692 769 731; x_wconf 80' lang='lat' dir='ltr'>parum</span> <span class='ocrx_word' id='word_1_60' title='bbox 790 679 930 717; x_wconf 87' lang='lat' dir='ltr'>idonea</span> <span class='ocrx_word' id='word_1_61' title='bbox 960 679 1214 730; x_wconf 76' lang='lat' dir='ltr'>proposuisse</span> <span class='ocrx_word' id='word_1_62' title='bbox 1246 680 1344 716; x_wconf 75' lang='lat' dir='ltr'>lori</span> <span class='ocrx_word' id='word_1_63' title='bbox 1372 678 1615 718; x_wconf 83' lang='lat' dir='ltr'>demonstrat</span> <span class='ocrx_word' id='word_1_64' title='bbox 1644 678 1914 717; x_wconf 88' lang='lat' dir='ltr'>membrorum</span> <span class='ocrx_word' id='word_1_65' title='bbox 1947 677 2129 728; x_wconf 87' lang='lat' dir='ltr'>aequabi-</span> 
     </span>
     <span class='ocr_line' id='line_1_8' title="bbox 414 745 2131 800; baseline -0.002 -13"><span class='ocrx_word' id='word_1_66' title='bbox 414 749 523 793; x_wconf 89' lang='lat' dir='ltr'>litas,</span> <span class='ocrx_word' id='word_1_67' title='bbox 558 760 632 798; x_wconf 89' lang='lat' dir='ltr'>qua</span> <span class='ocrx_word' id='word_1_68' title='bbox 663 747 905 800; x_wconf 87' lang='lat' dir='ltr'>postulatur,</span> <span class='ocrx_word' id='word_1_69' title='bbox 947 752 989 785; x_wconf 92' lang='lat' dir='ltr'>ut</span> <span class='ocrx_word' id='word_1_70' title='bbox 1017 745 1129 784; x_wconf 91' lang='lat' dir='ltr'>militi</span> <span class='ocrx_word' id='word_1_71' title='bbox 1168 746 1258 784; x_wconf 80' lang='lat' dir='ltr'>sorti</span> <span class='ocrx_word' id='word_1_72' title='bbox 1291 747 1419 785; x_wconf 77' lang='lat' dir='ltr'>socius</span> <span class='ocrx_word' id='word_1_73' title='bbox 1458 747 1533 784; x_wconf 90' lang='lat' dir='ltr'>tori</span> <span class='ocrx_word' id='word_1_74' title='bbox 1562 746 1818 797; x_wconf 76' lang='lat' dir='ltr'>respondeat,</span> <span class='ocrx_word' id='word_1_75' title='bbox 1863 751 1901 785; x_wconf 91' lang='lat' dir='ltr'>et</span> <span class='ocrx_word' id='word_1_76' title='bbox 1937 747 2131 785; x_wconf 87' lang='lat' dir='ltr'>refutatur</span> 
     </span>
     <span class='ocr_line' id='line_1_9' title="bbox 414 813 2132 865; baseline -0.001 -11"><span class='ocrx_word' id='word_1_77' title='bbox 414 817 667 855; x_wconf 88' lang='lat' dir='ltr'>Heinsiannm</span> <span class='ocrx_word' id='word_1_78' title='bbox 699 820 780 854; x_wconf 74' lang='lat' dir='ltr'>loro</span> <span class='ocrx_word' id='word_1_79' title='bbox 811 814 857 853; x_wconf 84' lang='lat' dir='ltr'>ab</span> <span class='ocrx_word' id='word_1_80' title='bbox 891 813 1107 852; x_wconf 82' lang='lat' dir='ltr'>editoribus</span> <span class='ocrx_word' id='word_1_81' title='bbox 1138 814 1252 864; x_wconf 82' lang='lat' dir='ltr'>vulgo</span> <span class='ocrx_word' id='word_1_82' title='bbox 1283 818 1508 865; x_wconf 87' lang='lat' dir='ltr'>receptum;</span> <span class='ocrx_word' id='word_1_83' title='bbox 1543 814 1589 852; x_wconf 88' lang='lat' dir='ltr'>cf.</span> <span class='ocrx_word' id='word_1_84' title='bbox 1615 818 1705 852; x_wconf 85' lang='lat' dir='ltr'>met.</span> <span class='ocrx_word' id='word_1_85' title='bbox 1733 818 1768 858; x_wconf 89' lang='grc'>1,</span> <span class='ocrx_word' id='word_1_86' title='bbox 1793 817 1873 856; x_wconf 84' lang='grc'><strong>620</strong></span> <span class='ocrx_word' id='word_1_87' title='bbox 1903 816 2031 852; x_wconf 69' lang='lat' dir='ltr'>sociae</span> <span class='ocrx_word' id='word_1_88' title='bbox 2057 826 2132 861; x_wconf 72' lang='grc'><strong>,66-</strong></span> 
     </span>
     <span class='ocr_line' id='line_1_10' title="bbox 414 882 2130 932; baseline -0.001 -10"><span class='ocrx_word' id='word_1_89' title='bbox 414 886 596 932; x_wconf 70' lang='lat' dir='ltr'>nerl&#39;sque</span> <span class='ocrx_word' id='word_1_90' title='bbox 627 885 799 931; x_wconf 54' lang='lat' dir='ltr'>lorsqu&amp;</span> <span class='ocrx_word' id='word_1_91' title='bbox 832 886 895 926; x_wconf 82' lang='grc'>10,</span> <span class='ocrx_word' id='word_1_92' title='bbox 929 885 1010 925; x_wconf 81' lang='grc'><strong>268</strong></span> <span class='ocrx_word' id='word_1_93' title='bbox 1042 884 1294 931; x_wconf 75' lang='lat' dir='ltr'><em>appellatque</em></span> <span class='ocrx_word' id='word_1_94' title='bbox 1323 884 1399 920; x_wconf 72' lang='lat' dir='ltr'>tori</span> <span class='ocrx_word' id='word_1_95' title='bbox 1424 883 1591 926; x_wconf 59' lang='lat' dir='ltr'>somam,-</span> <span class='ocrx_word' id='word_1_96' title='bbox 1624 887 1696 926; x_wconf 82' lang='lat'>14,</span> <span class='ocrx_word' id='word_1_97' title='bbox 1730 885 1811 926; x_wconf 81' lang='lat'>678</span> <span class='ocrx_word' id='word_1_98' title='bbox 1852 882 2130 920; x_wconf 78' lang='lat' dir='ltr'>Verlzmmum-</span> 
     </span>
     <span class='ocr_line' id='line_1_11' title="bbox 413 951 1021 1000; baseline -0.005 -10"><span class='ocrx_word' id='word_1_99' title='bbox 413 964 487 1000; x_wconf 75' lang='lat' dir='ltr'>que</span> <span class='ocrx_word' id='word_1_100' title='bbox 517 954 593 990; x_wconf 77' lang='lat' dir='ltr'>lorz&#39;</span> <span class='ocrx_word' id='word_1_101' title='bbox 619 953 763 997; x_wconf 71' lang='lat' dir='ltr'>socium</span> <span class='ocrx_word' id='word_1_102' title='bbox 795 951 863 988; x_wconf 66' lang='lat' dir='ltr'>tibi</span> <span class='ocrx_word' id='word_1_103' title='bbox 890 951 1021 997; x_wconf 67' lang='lat' dir='ltr'>seliye.</span> 
     </span>
    </p>
   </div>
   <div class='ocr_carea' id='block_1_5' title="bbox 469 1064 1747 1180">
    <p class='ocr_par' dir='ltr' id='par_1_5' title="bbox 469 1064 1747 1180">
     <span class='ocr_line' id='line_1_12' title="bbox 469 1064 1681 1112; baseline -0.001 -10"><span class='ocrx_word' id='word_1_104' title='bbox 469 1067 545 1103; x_wconf 87' lang='lat' dir='ltr'>Am.</span> <span class='ocrx_word' id='word_1_105' title='bbox 568 1070 606 1108; x_wconf 83' lang='lat'>2,</span> <span class='ocrx_word' id='word_1_106' title='bbox 628 1071 666 1107; x_wconf 78' lang='lat'>2,</span> <span class='ocrx_word' id='word_1_107' title='bbox 690 1068 751 1102; x_wconf 88' lang='lat'>13:</span> <span class='ocrx_word' id='word_1_108' title='bbox 790 1065 865 1101; x_wconf 81' lang='lat' dir='ltr'>Sed</span> <span class='ocrx_word' id='word_1_109' title='bbox 883 1069 996 1112; x_wconf 64' lang='lat' dir='ltr'>gerat</span> <span class='ocrx_word' id='word_1_110' title='bbox 1014 1065 1076 1101; x_wconf 81' lang='lat' dir='ltr'>ille</span> <span class='ocrx_word' id='word_1_111' title='bbox 1096 1075 1164 1100; x_wconf 83' lang='lat' dir='ltr'>suo</span> <span class='ocrx_word' id='word_1_112' title='bbox 1185 1075 1326 1101; x_wconf 82' lang='lat' dir='ltr'>morem</span> <span class='ocrx_word' id='word_1_113' title='bbox 1345 1064 1519 1111; x_wconf 78' lang='lat' dir='ltr'>furiosus</span> <span class='ocrx_word' id='word_1_114' title='bbox 1540 1067 1665 1102; x_wconf 78' lang='lat' dir='ltr'>amori</span> <span class='ocrx_word' id='word_1_115' title='bbox 1672 1094 1681 1111; x_wconf 87' lang='lat'><strong>‚</strong></span> 
     </span>
     <span class='ocr_line' id='line_1_13' title="bbox 881 1133 1747 1180; baseline 0.001 -12"><span class='ocrx_word' id='word_1_116' title='bbox 881 1133 932 1168; x_wconf 84' lang='lat' dir='ltr'>Et</span> <span class='ocrx_word' id='word_1_117' title='bbox 953 1137 1098 1169; x_wconf 80' lang='lat' dir='ltr'>castum</span> <span class='ocrx_word' id='word_1_118' title='bbox 1120 1134 1245 1170; x_wconf 82' lang='lat' dir='ltr'>multis</span> <span class='ocrx_word' id='word_1_119' title='bbox 1266 1134 1367 1180; x_wconf 80' lang='lat' dir='ltr'>quod</span> <span class='ocrx_word' id='word_1_120' title='bbox 1382 1134 1510 1179; x_wconf 77' lang='lat' dir='ltr'>placet</span> <span class='ocrx_word' id='word_1_121' title='bbox 1531 1144 1611 1169; x_wconf 81' lang='lat' dir='ltr'>esse</span> <span class='ocrx_word' id='word_1_122' title='bbox 1628 1137 1747 1179; x_wconf 80' lang='lat' dir='ltr'>putet.</span> 
     </span>
    </p>
   </div>
   <div class='ocr_carea' id='block_1_6' title="bbox 413 1221 2134 2017">
    <p class='ocr_par' dir='ltr' id='par_1_6' title="bbox 413 1221 2134 2017">
     <span class='ocr_line' id='line_1_14' title="bbox 526 1221 2132 1273; baseline -0.001 -11"><span class='ocrx_word' id='word_1_123' title='bbox 526 1223 665 1273; x_wconf 80' lang='lat' dir='ltr'>Agitur</span> <span class='ocrx_word' id='word_1_124' title='bbox 696 1222 743 1260; x_wconf 90' lang='lat' dir='ltr'>de</span> <span class='ocrx_word' id='word_1_125' title='bbox 774 1222 857 1260; x_wconf 86' lang='lat' dir='ltr'>viro</span> <span class='ocrx_word' id='word_1_126' title='bbox 890 1234 1055 1260; x_wconf 84' lang='lat' dir='ltr'>uxorem</span> <span class='ocrx_word' id='word_1_127' title='bbox 1087 1222 1198 1261; x_wconf 80' lang='lat' dir='ltr'>anxia</span> <span class='ocrx_word' id='word_1_128' title='bbox 1238 1234 1330 1261; x_wconf 90' lang='lat' dir='ltr'>cura</span> <span class='ocrx_word' id='word_1_129' title='bbox 1362 1223 1551 1266; x_wconf 86' lang='lat' dir='ltr'>servanti,</span> <span class='ocrx_word' id='word_1_130' title='bbox 1595 1223 1707 1261; x_wconf 86' lang='lat' dir='ltr'>cuius</span> <span class='ocrx_word' id='word_1_131' title='bbox 1742 1222 1966 1273; x_wconf 87' lang='lat' dir='ltr'>insipientia</span> <span class='ocrx_word' id='word_1_132' title='bbox 2005 1221 2132 1260; x_wconf 87' lang='lat' dir='ltr'>derisa</span> 
     </span>
     <span class='ocr_line' id='line_1_15' title="bbox 413 1288 2133 1343; baseline -0.001 -14"><span class='ocrx_word' id='word_1_133' title='bbox 413 1296 528 1343; x_wconf 82' lang='lat' dir='ltr'>poeta</span> <span class='ocrx_word' id='word_1_134' title='bbox 570 1304 611 1330; x_wconf 91' lang='grc'>50</span> <span class='ocrx_word' id='word_1_135' title='bbox 651 1290 697 1329; x_wconf 88' lang='lat' dir='ltr'>ad</span> <span class='ocrx_word' id='word_1_136' title='bbox 737 1289 962 1328; x_wconf 88' lang='lat' dir='ltr'>eunuchum</span> <span class='ocrx_word' id='word_1_137' title='bbox 1001 1289 1180 1328; x_wconf 86' lang='lat' dir='ltr'>dominae</span> <span class='ocrx_word' id='word_1_138' title='bbox 1226 1289 1429 1328; x_wconf 77' lang='lat' dir='ltr'><strong>custodem</strong></span> <span class='ocrx_word' id='word_1_139' title='bbox 1477 1291 1668 1328; x_wconf 84' lang='lat' dir='ltr'>convertit</span> <span class='ocrx_word' id='word_1_140' title='bbox 1706 1301 1890 1333; x_wconf 88' lang='lat' dir='ltr'>monens,</span> <span class='ocrx_word' id='word_1_141' title='bbox 1939 1293 1982 1327; x_wconf 91' lang='lat' dir='ltr'>ut</span> <span class='ocrx_word' id='word_1_142' title='bbox 2026 1288 2133 1327; x_wconf 92' lang='lat' dir='ltr'>stulti</span> 
     </span>
     <span class='ocr_line' id='line_1_16' title="bbox 413 1356 2133 1409; baseline -0.001 -12"><span class='ocrx_word' id='word_1_143' title='bbox 413 1359 517 1397; x_wconf 90' lang='lat' dir='ltr'>illius</span> <span class='ocrx_word' id='word_1_144' title='bbox 548 1358 718 1397; x_wconf 87' lang='lat' dir='ltr'>hominis</span> <span class='ocrx_word' id='word_1_145' title='bbox 751 1357 930 1409; x_wconf 82' lang='lat' dir='ltr'>exemplo</span> <span class='ocrx_word' id='word_1_146' title='bbox 962 1357 1143 1408; x_wconf 83' lang='lat' dir='ltr'>neglecto</span> <span class='ocrx_word' id='word_1_147' title='bbox 1174 1358 1357 1396; x_wconf 77' lang='lat' dir='ltr'>furtivam</span> <span class='ocrx_word' id='word_1_148' title='bbox 1389 1357 1610 1396; x_wconf 86' lang='lat' dir='ltr'>libertatem</span> <span class='ocrx_word' id='word_1_149' title='bbox 1632 1356 1785 1409; x_wconf 87' lang='lat' dir='ltr'>puellae</span> <span class='ocrx_word' id='word_1_150' title='bbox 1808 1356 2008 1395; x_wconf 86' lang='lat' dir='ltr'>concedat.</span> <span class='ocrx_word' id='word_1_151' title='bbox 2062 1356 2133 1395; x_wconf 94' lang='lat' dir='ltr'>Hic</span> 
     </span>
     <span class='ocr_line' id='line_1_17' title="bbox 416 1425 2134 1477; baseline -0.001 -13"><span class='ocrx_word' id='word_1_152' title='bbox 416 1439 493 1477; x_wconf 90' lang='lat' dir='ltr'>quo</span> <span class='ocrx_word' id='word_1_153' title='bbox 531 1427 646 1466; x_wconf 91' lang='lat' dir='ltr'>modo</span> <span class='ocrx_word' id='word_1_154' title='bbox 679 1426 850 1464; x_wconf 87' lang='lat' dir='ltr'>hominis</span> <span class='ocrx_word' id='word_1_155' title='bbox 881 1425 985 1464; x_wconf 87' lang='lat' dir='ltr'>illius</span> <span class='ocrx_word' id='word_1_156' title='bbox 1017 1438 1110 1464; x_wconf 87' lang='lat' dir='ltr'>cura</span> <span class='ocrx_word' id='word_1_157' title='bbox 1150 1425 1279 1464; x_wconf 77' lang='lat' dir='ltr'>verbis</span> <span class='ocrx_word' id='word_1_158' title='bbox 1316 1429 1353 1463; x_wconf 77' lang='lat' dir='ltr'>et</span> <span class='ocrx_word' id='word_1_159' title='bbox 1396 1430 1546 1464; x_wconf 74' lang='lat' dir='ltr'>castum</span> <span class='ocrx_word' id='word_1_160' title='bbox 1582 1427 1712 1464; x_wconf 74' lang='lat' dir='ltr'>multis</span> <span class='ocrx_word' id='word_1_161' title='bbox 1748 1425 1855 1473; x_wconf 80' lang='lat' dir='ltr'>quod</span> <span class='ocrx_word' id='word_1_162' title='bbox 1881 1427 2019 1473; x_wconf 75' lang='lat' dir='ltr'>placet</span> <span class='ocrx_word' id='word_1_163' title='bbox 2052 1436 2134 1463; x_wconf 85' lang='lat' dir='ltr'>esse</span> 
     </span>
     <span class='ocr_line' id='line_1_18' title="bbox 413 1492 2130 1545; baseline -0.002 -12"><span class='ocrx_word' id='word_1_164' title='bbox 413 1500 524 1544; x_wconf 69' lang='lat' dir='ltr'>pulei</span> <span class='ocrx_word' id='word_1_165' title='bbox 563 1494 773 1545; x_wconf 84' lang='lat' dir='ltr'>significari</span> <span class='ocrx_word' id='word_1_166' title='bbox 802 1495 927 1545; x_wconf 89' lang='lat' dir='ltr'>possit</span> <span class='ocrx_word' id='word_1_167' title='bbox 957 1494 1102 1531; x_wconf 82' lang='lat' dir='ltr'>nescio.</span> <span class='ocrx_word' id='word_1_168' title='bbox 1167 1493 1411 1543; x_wconf 80' lang='lat' dir='ltr'>Quamquam</span> <span class='ocrx_word' id='word_1_169' title='bbox 1451 1506 1495 1532; x_wconf 90' lang='lat' dir='ltr'>re</span> <span class='ocrx_word' id='word_1_170' title='bbox 1532 1506 1624 1532; x_wconf 87' lang='lat' dir='ltr'>vera</span> <span class='ocrx_word' id='word_1_171' title='bbox 1661 1493 1757 1531; x_wconf 89' lang='lat' dir='ltr'>nihil</span> <span class='ocrx_word' id='word_1_172' title='bbox 1788 1493 1913 1531; x_wconf 79' lang='lat' dir='ltr'><strong>refert</strong></span> <span class='ocrx_word' id='word_1_173' title='bbox 1943 1492 1989 1531; x_wconf 90' lang='lat' dir='ltr'>ad</span> <span class='ocrx_word' id='word_1_174' title='bbox 2020 1493 2130 1531; x_wconf 89' lang='lat' dir='ltr'>femi-</span> 
     </span>
     <span class='ocr_line' id='line_1_19' title="bbox 415 1560 2133 1612; baseline -0.001 -11"><span class='ocrx_word' id='word_1_175' title='bbox 415 1575 486 1601; x_wconf 91' lang='lat' dir='ltr'>nae</span> <span class='ocrx_word' id='word_1_176' title='bbox 519 1564 758 1605; x_wconf 73' lang='lat' dir='ltr'>castitatem,</span> <span class='ocrx_word' id='word_1_177' title='bbox 792 1566 925 1600; x_wconf 89' lang='lat' dir='ltr'>utrum</span> <span class='ocrx_word' id='word_1_178' title='bbox 960 1562 1024 1599; x_wconf 87' lang='lat' dir='ltr'>uni</span> <span class='ocrx_word' id='word_1_179' title='bbox 1055 1573 1103 1599; x_wconf 92' lang='lat' dir='ltr'>an</span> <span class='ocrx_word' id='word_1_180' title='bbox 1133 1560 1314 1612; x_wconf 89' lang='lat' dir='ltr'>pluribus</span> <span class='ocrx_word' id='word_1_181' title='bbox 1345 1561 1516 1612; x_wconf 82' lang='lat' dir='ltr'>placeat,</span> <span class='ocrx_word' id='word_1_182' title='bbox 1550 1561 1665 1599; x_wconf 89' lang='grc'><strong>1110110</strong></span> <span class='ocrx_word' id='word_1_183' title='bbox 1696 1562 1779 1612; x_wconf 90' lang='lat' dir='ltr'>ipsa</span> <span class='ocrx_word' id='word_1_184' title='bbox 1810 1561 1927 1599; x_wconf 88' lang='lat' dir='ltr'>unius</span> <span class='ocrx_word' id='word_1_185' title='bbox 1958 1572 2133 1599; x_wconf 87' lang='lat' dir='ltr'>amorem</span> 
     </span>
     <span class='ocr_line' id='line_1_20' title="bbox 415 1628 2131 1681; baseline -0.001 -12"><span class='ocrx_word' id='word_1_186' title='bbox 415 1629 686 1681; x_wconf 76' lang='lat' dir='ltr'>amplectatur,</span> <span class='ocrx_word' id='word_1_187' title='bbox 719 1630 752 1667; x_wconf 90' lang='lat' dir='ltr'>is</span> <span class='ocrx_word' id='word_1_188' title='bbox 783 1633 927 1673; x_wconf 88' lang='lat' dir='ltr'>tamen,</span> <span class='ocrx_word' id='word_1_189' title='bbox 962 1630 1028 1679; x_wconf 88' lang='lat' dir='ltr'>qui</span> <span class='ocrx_word' id='word_1_190' title='bbox 1058 1628 1222 1667; x_wconf 81' lang='lat' dir='ltr'>vinculis</span> <span class='ocrx_word' id='word_1_191' title='bbox 1254 1635 1290 1667; x_wconf 88' lang='lat' dir='ltr'>et</span> <span class='ocrx_word' id='word_1_192' title='bbox 1322 1628 1496 1667; x_wconf 84' lang='lat' dir='ltr'>custodia</span> <span class='ocrx_word' id='word_1_193' title='bbox 1527 1642 1612 1668; x_wconf 89' lang='lat' dir='ltr'>eam</span> <span class='ocrx_word' id='word_1_194' title='bbox 1635 1628 1912 1668; x_wconf 85' lang='lat' dir='ltr'>continendam</span> <span class='ocrx_word' id='word_1_195' title='bbox 1944 1640 2029 1667; x_wconf 89' lang='lat' dir='ltr'>esse</span> <span class='ocrx_word' id='word_1_196' title='bbox 2059 1641 2131 1680; x_wconf 90' lang='lat' dir='ltr'>pu-</span> 
     </span>
     <span class='ocr_line' id='line_1_21' title="bbox 415 1696 2133 1748; baseline -0.001 -12"><span class='ocrx_word' id='word_1_197' title='bbox 415 1703 481 1742; x_wconf 87' lang='lat' dir='ltr'>tat,</span> <span class='ocrx_word' id='word_1_198' title='bbox 514 1710 593 1737; x_wconf 89' lang='lat' dir='ltr'>non</span> <span class='ocrx_word' id='word_1_199' title='bbox 624 1703 667 1736; x_wconf 93' lang='lat' dir='ltr'>ut</span> <span class='ocrx_word' id='word_1_200' title='bbox 698 1697 830 1736; x_wconf 86' lang='lat' dir='ltr'>multis</span> <span class='ocrx_word' id='word_1_201' title='bbox 861 1697 929 1736; x_wconf 89' lang='lat' dir='ltr'>sed</span> <span class='ocrx_word' id='word_1_202' title='bbox 960 1703 1002 1736; x_wconf 87' lang='lat' dir='ltr'>ut</span> <span class='ocrx_word' id='word_1_203' title='bbox 1034 1708 1150 1747; x_wconf 88' lang='lat' dir='ltr'>quam</span> <span class='ocrx_word' id='word_1_204' title='bbox 1180 1697 1425 1747; x_wconf 75' lang='lat' dir='ltr'>paucissimis</span> <span class='ocrx_word' id='word_1_205' title='bbox 1452 1696 1603 1747; x_wconf 80' lang='lat' dir='ltr'>placeat</span> <span class='ocrx_word' id='word_1_206' title='bbox 1634 1701 1752 1748; x_wconf 87' lang='lat' dir='ltr'>optat,</span> <span class='ocrx_word' id='word_1_207' title='bbox 1786 1708 1863 1746; x_wconf 93' lang='lat' dir='ltr'>quo</span> <span class='ocrx_word' id='word_1_208' title='bbox 1893 1696 2016 1745; x_wconf 84' lang='lat' dir='ltr'>magis</span> <span class='ocrx_word' id='word_1_209' title='bbox 2048 1707 2133 1734; x_wconf 88' lang='lat' dir='ltr'>eam</span> 
     </span>
     <span class='ocr_line' id='line_1_22' title="bbox 416 1763 2131 1816; baseline -0.002 -11"><span class='ocrx_word' id='word_1_210' title='bbox 416 1766 489 1805; x_wconf 92' lang='lat' dir='ltr'>sibi</span> <span class='ocrx_word' id='word_1_211' title='bbox 520 1778 671 1816; x_wconf 86' lang='lat' dir='ltr'>suoque</span> <span class='ocrx_word' id='word_1_212' title='bbox 703 1767 828 1805; x_wconf 87' lang='lat' dir='ltr'>amori</span> <span class='ocrx_word' id='word_1_213' title='bbox 859 1769 1001 1804; x_wconf 91' lang='lat' dir='ltr'>servet.</span> <span class='ocrx_word' id='word_1_214' title='bbox 1064 1764 1200 1814; x_wconf 71' lang='lat' dir='ltr'>Neque</span> <span class='ocrx_word' id='word_1_215' title='bbox 1231 1764 1355 1803; x_wconf 89' lang='lat' dir='ltr'>multo</span> <span class='ocrx_word' id='word_1_216' title='bbox 1387 1764 1499 1803; x_wconf 86' lang='lat' dir='ltr'>aliter</span> <span class='ocrx_word' id='word_1_217' title='bbox 1529 1765 1614 1815; x_wconf 89' lang='lat' dir='ltr'>ipse</span> <span class='ocrx_word' id='word_1_218' title='bbox 1644 1769 1772 1815; x_wconf 90' lang='lat' dir='ltr'>poeta,</span> <span class='ocrx_word' id='word_1_219' title='bbox 1804 1763 1873 1802; x_wconf 90' lang='grc'><strong>11111</strong></span> <span class='ocrx_word' id='word_1_220' title='bbox 1902 1775 2034 1802; x_wconf 89' lang='lat' dir='ltr'>mores</span> <span class='ocrx_word' id='word_1_221' title='bbox 2054 1763 2131 1802; x_wconf 90' lang='lat' dir='ltr'>Ro-</span> 
     </span>
     <span class='ocr_line' id='line_1_23' title="bbox 416 1831 2133 1883; baseline -0.001 -11"><span class='ocrx_word' id='word_1_222' title='bbox 416 1847 551 1873; x_wconf 89' lang='lat' dir='ltr'>manos</span> <span class='ocrx_word' id='word_1_223' title='bbox 590 1834 636 1872; x_wconf 91' lang='lat' dir='ltr'>ad</span> <span class='ocrx_word' id='word_1_224' title='bbox 675 1834 848 1872; x_wconf 87' lang='lat' dir='ltr'>deterius</span> <span class='ocrx_word' id='word_1_225' title='bbox 887 1832 1064 1872; x_wconf 87' lang='lat' dir='ltr'>labentes</span> <span class='ocrx_word' id='word_1_226' title='bbox 1103 1832 1311 1876; x_wconf 82' lang='lat' dir='ltr'>describit,</span> <span class='ocrx_word' id='word_1_227' title='bbox 1352 1844 1425 1870; x_wconf 86' lang='lat' dir='ltr'>am.</span> <span class='ocrx_word' id='word_1_228' title='bbox 1462 1836 1505 1876; x_wconf 90' lang='lat'>1,</span> <span class='ocrx_word' id='word_1_229' title='bbox 1539 1836 1582 1877; x_wconf 79' lang='lat'>8,</span> <span class='ocrx_word' id='word_1_230' title='bbox 1616 1835 1668 1875; x_wconf 87' lang='lat'>43</span> <span class='ocrx_word' id='word_1_231' title='bbox 1702 1844 1748 1870; x_wconf 81' lang='lat' dir='ltr'>ex</span> <span class='ocrx_word' id='word_1_232' title='bbox 1779 1831 1962 1870; x_wconf 82' lang='lat' dir='ltr'>formosis</span> <span class='ocrx_word' id='word_1_233' title='bbox 1991 1831 2133 1883; x_wconf 87' lang='lat' dir='ltr'>puellis</span> 
     </span>
     <span class='ocr_line' id='line_1_24' title="bbox 417 1898 2132 1951; baseline -0.002 -10"><span class='ocrx_word' id='word_1_234' title='bbox 417 1914 501 1941; x_wconf 91' lang='lat' dir='ltr'>eam</span> <span class='ocrx_word' id='word_1_235' title='bbox 538 1906 683 1941; x_wconf 90' lang='lat' dir='ltr'>castam</span> <span class='ocrx_word' id='word_1_236' title='bbox 723 1913 829 1946; x_wconf 86' lang='lat' dir='ltr'>esse,</span> <span class='ocrx_word' id='word_1_237' title='bbox 869 1913 986 1951; x_wconf 90' lang='lat' dir='ltr'>quam</span> <span class='ocrx_word' id='word_1_238' title='bbox 1024 1912 1140 1939; x_wconf 87' lang='lat' dir='ltr'>nemo</span> <span class='ocrx_word' id='word_1_239' title='bbox 1179 1904 1293 1950; x_wconf 81' lang='lat' dir='ltr'>roget</span> <span class='ocrx_word' id='word_1_240' title='bbox 1329 1899 1541 1951; x_wconf 87' lang='lat' dir='ltr'>praedicat.</span> <span class='ocrx_word' id='word_1_241' title='bbox 1603 1900 1739 1949; x_wconf 89' lang='lat' dir='ltr'>Itaque</span> <span class='ocrx_word' id='word_1_242' title='bbox 1778 1898 1841 1938; x_wconf 89' lang='lat' dir='ltr'>hic</span> <span class='ocrx_word' id='word_1_243' title='bbox 1880 1899 2132 1938; x_wconf 87' lang='lat' dir='ltr'>scribendum</span> 
     </span>
     <span class='ocr_line' id='line_1_25' title="bbox 417 1969 1471 2017; baseline -0.004 -8"><span class='ocrx_word' id='word_1_244' title='bbox 417 1975 494 2009; x_wconf 89' lang='lat' dir='ltr'>est:</span> <span class='ocrx_word' id='word_1_245' title='bbox 527 1971 579 2009; x_wconf 82' lang='lat' dir='ltr'>Et</span> <span class='ocrx_word' id='word_1_246' title='bbox 606 1973 757 2009; x_wconf 77' lang='lat' dir='ltr'>cctslum</span> <span class='ocrx_word' id='word_1_247' title='bbox 786 1971 918 2008; x_wconf 70' lang='lat' dir='ltr'>nulli</span> <span class='ocrx_word' id='word_1_248' title='bbox 945 1969 1050 2017; x_wconf 79' lang='lat' dir='ltr'>quod</span> <span class='ocrx_word' id='word_1_249' title='bbox 1073 1973 1214 2017; x_wconf 74' lang='lat' dir='ltr'>patet</span> <span class='ocrx_word' id='word_1_250' title='bbox 1243 1980 1325 2007; x_wconf 79' lang='lat' dir='ltr'>esse</span> <span class='ocrx_word' id='word_1_251' title='bbox 1351 1972 1471 2017; x_wconf 77' lang='lat' dir='ltr'>pulet.</span> 
     </span>
    </p>
   </div>
   <div class='ocr_carea' id='block_1_7' title="bbox 472 2083 1786 2198">
    <p class='ocr_par' dir='ltr' id='par_1_7' title="bbox 472 2083 1786 2198">
     <span class='ocr_line' id='line_1_26' title="bbox 472 2083 1773 2131; baseline -0.002 -11"><span class='ocrx_word' id='word_1_252' title='bbox 472 2087 549 2121; x_wconf 89' lang='lat' dir='ltr'>Am.</span> <span class='ocrx_word' id='word_1_253' title='bbox 571 2089 609 2126; x_wconf 79' lang='lat'>2,</span> <span class='ocrx_word' id='word_1_254' title='bbox 633 2087 670 2125; x_wconf 88' lang='lat'>3,</span> <span class='ocrx_word' id='word_1_255' title='bbox 694 2086 757 2121; x_wconf 90' lang='lat'>17:</span> <span class='ocrx_word' id='word_1_256' title='bbox 794 2084 931 2131; x_wconf 79' lang='lat' dir='ltr'>Aptius</span> <span class='ocrx_word' id='word_1_257' title='bbox 951 2088 993 2120; x_wconf 78' lang='lat' dir='ltr'>ut</span> <span class='ocrx_word' id='word_1_258' title='bbox 1010 2083 1132 2130; x_wconf 81' lang='lat' dir='ltr'>fuerit</span> <span class='ocrx_word' id='word_1_259' title='bbox 1147 2084 1328 2130; x_wconf 75' lang='lat' dir='ltr'>precibus</span> <span class='ocrx_word' id='word_1_260' title='bbox 1349 2088 1560 2129; x_wconf 71' lang='lat' dir='ltr'>temptasse,</span> <span class='ocrx_word' id='word_1_261' title='bbox 1583 2093 1773 2130; x_wconf 60' lang='lat' dir='ltr'>reflamus,</span> 
     </span>
     <span class='ocr_line' id='line_1_27' title="bbox 884 2151 1786 2198; baseline -0.002 -11"><span class='ocrx_word' id='word_1_262' title='bbox 884 2151 983 2187; x_wconf 77' lang='lat' dir='ltr'>Dum</span> <span class='ocrx_word' id='word_1_263' title='bbox 1015 2152 1106 2188; x_wconf 76' lang='lat' dir='ltr'>bene</span> <span class='ocrx_word' id='word_1_264' title='bbox 1125 2152 1294 2198; x_wconf 72' lang='lat' dir='ltr'>ponendi</span> <span class='ocrx_word' id='word_1_265' title='bbox 1316 2161 1476 2186; x_wconf 78' lang='lat' dir='ltr'>munera</span> <span class='ocrx_word' id='word_1_266' title='bbox 1494 2155 1640 2197; x_wconf 79' lang='lat' dir='ltr'>tempus</span> <span class='ocrx_word' id='word_1_267' title='bbox 1660 2151 1786 2187; x_wconf 74' lang='lat' dir='ltr'>habes.</span> 
     </span>
    </p>
   </div>
   <div class='ocr_carea' id='block_1_8' title="bbox 416 2237 2134 3237">
    <p class='ocr_par' dir='ltr' id='par_1_8' title="bbox 416 2237 2134 3237">
     <span class='ocr_line' id='line_1_28' title="bbox 529 2237 2134 2291; baseline -0.002 -11"><span class='ocrx_word' id='word_1_268' title='bbox 529 2242 741 2291; x_wconf 85' lang='lat' dir='ltr'>Postquam</span> <span class='ocrx_word' id='word_1_269' title='bbox 774 2241 1018 2279; x_wconf 78' lang='lat' dir='ltr'>enumeravit</span> <span class='ocrx_word' id='word_1_270' title='bbox 1047 2246 1163 2291; x_wconf 84' lang='lat' dir='ltr'>poeta</span> <span class='ocrx_word' id='word_1_271' title='bbox 1194 2252 1342 2284; x_wconf 81' lang='lat' dir='ltr'>causas,</span> <span class='ocrx_word' id='word_1_272' title='bbox 1376 2239 1518 2289; x_wconf 88' lang='lat' dir='ltr'>quibus</span> <span class='ocrx_word' id='word_1_273' title='bbox 1540 2239 1714 2288; x_wconf 84' lang='lat' dir='ltr'>Bagoum</span> <span class='ocrx_word' id='word_1_274' title='bbox 1737 2237 1963 2277; x_wconf 84' lang='lat' dir='ltr'>eunuchum</span> <span class='ocrx_word' id='word_1_275' title='bbox 1994 2237 2134 2276; x_wconf 83' lang='lat' dir='ltr'>adduci</span> 
     </span>
     <span class='ocr_line' id='line_1_29' title="bbox 416 2305 2133 2360; baseline -0.002 -13"><span class='ocrx_word' id='word_1_276' title='bbox 416 2321 532 2360; x_wconf 90' lang='lat' dir='ltr'>posse</span> <span class='ocrx_word' id='word_1_277' title='bbox 564 2308 795 2353; x_wconf 78' lang='lat' dir='ltr'>arbitratur,</span> <span class='ocrx_word' id='word_1_278' title='bbox 839 2314 879 2347; x_wconf 89' lang='lat' dir='ltr'>ut</span> <span class='ocrx_word' id='word_1_279' title='bbox 910 2308 983 2346; x_wconf 90' lang='lat' dir='ltr'>sibi</span> <span class='ocrx_word' id='word_1_280' title='bbox 1015 2307 1255 2357; x_wconf 82' lang='lat' dir='ltr'>obsequatur</span> <span class='ocrx_word' id='word_1_281' title='bbox 1295 2313 1333 2346; x_wconf 89' lang='lat' dir='ltr'>et</span> <span class='ocrx_word' id='word_1_282' title='bbox 1367 2306 1521 2358; x_wconf 89' lang='lat' dir='ltr'>puellae</span> <span class='ocrx_word' id='word_1_283' title='bbox 1560 2306 1776 2345; x_wconf 87' lang='lat' dir='ltr'>custodiam</span> <span class='ocrx_word' id='word_1_284' title='bbox 1814 2305 2002 2350; x_wconf 83' lang='lat' dir='ltr'>resolvat,</span> <span class='ocrx_word' id='word_1_285' title='bbox 2043 2318 2133 2344; x_wconf 90' lang='lat' dir='ltr'>eum</span> 
     </span>
     <span class='ocr_line' id='line_1_30' title="bbox 418 2372 2134 2427; baseline -0.002 -12"><span class='ocrx_word' id='word_1_286' title='bbox 418 2389 467 2415; x_wconf 92' lang='lat' dir='ltr'>ne</span> <span class='ocrx_word' id='word_1_287' title='bbox 499 2377 691 2427; x_wconf 83' lang='lat' dir='ltr'>proficere</span> <span class='ocrx_word' id='word_1_288' title='bbox 724 2375 882 2425; x_wconf 84' lang='lat' dir='ltr'>quidem</span> <span class='ocrx_word' id='word_1_289' title='bbox 915 2377 1124 2425; x_wconf 86' lang='lat' dir='ltr'>quicquam</span> <span class='ocrx_word' id='word_1_290' title='bbox 1157 2375 1281 2419; x_wconf 84' lang='lat' dir='ltr'>addit,</span> <span class='ocrx_word' id='word_1_291' title='bbox 1322 2376 1468 2426; x_wconf 88' lang='lat' dir='ltr'>quippe</span> <span class='ocrx_word' id='word_1_292' title='bbox 1507 2375 1573 2424; x_wconf 92' lang='lat' dir='ltr'>qui</span> <span class='ocrx_word' id='word_1_293' title='bbox 1603 2386 1705 2412; x_wconf 87' lang='lat' dir='ltr'>unus</span> <span class='ocrx_word' id='word_1_294' title='bbox 1736 2372 1889 2412; x_wconf 89' lang='lat' dir='ltr'>duobus</span> <span class='ocrx_word' id='word_1_295' title='bbox 1920 2374 2065 2412; x_wconf 87' lang='lat' dir='ltr'>amanti</span> <span class='ocrx_word' id='word_1_296' title='bbox 2095 2378 2134 2412; x_wconf 88' lang='lat' dir='ltr'>et</span> 
     </span>
     <span class='ocr_line' id='line_1_31' title="bbox 417 2441 2131 2496; baseline -0.002 -13"><span class='ocrx_word' id='word_1_297' title='bbox 417 2444 571 2496; x_wconf 88' lang='lat' dir='ltr'>puellae</span> <span class='ocrx_word' id='word_1_298' title='bbox 602 2444 748 2483; x_wconf 81' lang='lat' dir='ltr'>frustra</span> <span class='ocrx_word' id='word_1_299' title='bbox 781 2443 979 2482; x_wconf 83' lang='lat' dir='ltr'>adversari</span> <span class='ocrx_word' id='word_1_300' title='bbox 1011 2442 1176 2481; x_wconf 86' lang='lat' dir='ltr'>studeat.</span> <span class='ocrx_word' id='word_1_301' title='bbox 1220 2442 1300 2480; x_wconf 89' lang='lat' dir='ltr'>Iam</span> <span class='ocrx_word' id='word_1_302' title='bbox 1333 2443 1547 2492; x_wconf 85' lang='lat' dir='ltr'>quaeritur,</span> <span class='ocrx_word' id='word_1_303' title='bbox 1582 2441 1796 2491; x_wconf 90' lang='lat' dir='ltr'>quomodo</span> <span class='ocrx_word' id='word_1_304' title='bbox 1829 2452 1928 2491; x_wconf 87' lang='lat' dir='ltr'>quae</span> <span class='ocrx_word' id='word_1_305' title='bbox 1959 2452 2131 2491; x_wconf 89' lang='lat' dir='ltr'>sequun-</span> 
     </span>
     <span class='ocr_line' id='line_1_32' title="bbox 420 2508 2133 2560; baseline -0.002 -10"><span class='ocrx_word' id='word_1_306' title='bbox 420 2518 482 2550; x_wconf 85' lang='lat' dir='ltr'>tur</span> <span class='ocrx_word' id='word_1_307' title='bbox 513 2510 777 2560; x_wconf 83' lang='lat' dir='ltr'>intellegenda</span> <span class='ocrx_word' id='word_1_308' title='bbox 809 2512 896 2549; x_wconf 89' lang='lat' dir='ltr'>sint.</span> <span class='ocrx_word' id='word_1_309' title='bbox 959 2509 1192 2549; x_wconf 78' lang='lat' dir='ltr'>particulam</span> <span class='ocrx_word' id='word_1_310' title='bbox 1231 2515 1272 2547; x_wconf 75' lang='lat' dir='ltr'>ut</span> <span class='ocrx_word' id='word_1_311' title='bbox 1308 2522 1395 2548; x_wconf 89' lang='lat' dir='ltr'>cum</span> <span class='ocrx_word' id='word_1_312' title='bbox 1435 2522 1509 2548; x_wconf 86' lang='lat' dir='ltr'>nec</span> <span class='ocrx_word' id='word_1_313' title='bbox 1548 2522 1593 2547; x_wconf 87' lang='lat' dir='ltr'>ex</span> <span class='ocrx_word' id='word_1_314' title='bbox 1631 2519 1818 2557; x_wconf 56' lang='lat' dir='ltr'>rogamus</span> <span class='ocrx_word' id='word_1_315' title='bbox 1854 2508 2029 2559; x_wconf 88' lang='lat' dir='ltr'>pendere</span> <span class='ocrx_word' id='word_1_316' title='bbox 2061 2521 2133 2547; x_wconf 86' lang='grc'><strong>1160</strong></span> 
     </span>
     <span class='ocr_line' id='line_1_33' title="bbox 419 2575 2133 2628; baseline -0.002 -10"><span class='ocrx_word' id='word_1_317' title='bbox 419 2580 683 2618; x_wconf 80' lang='lat' dir='ltr'>concessivam</span> <span class='ocrx_word' id='word_1_318' title='bbox 721 2579 922 2616; x_wconf 88' lang='lat' dir='ltr'>notionem</span> <span class='ocrx_word' id='word_1_319' title='bbox 962 2577 1108 2616; x_wconf 87' lang='lat' dir='ltr'>habere</span> <span class='ocrx_word' id='word_1_320' title='bbox 1145 2589 1262 2627; x_wconf 78' lang='lat' dir='ltr'>posse</span> <span class='ocrx_word' id='word_1_321' title='bbox 1301 2581 1505 2628; x_wconf 82' lang='lat' dir='ltr'>appareat,</span> <span class='ocrx_word' id='word_1_322' title='bbox 1546 2581 1669 2615; x_wconf 79' lang='lat' dir='ltr'>restat</span> <span class='ocrx_word' id='word_1_323' title='bbox 1708 2581 1748 2615; x_wconf 92' lang='lat' dir='ltr'>ut</span> <span class='ocrx_word' id='word_1_324' title='bbox 1787 2588 1877 2614; x_wconf 92' lang='lat' dir='ltr'>cum</span> <span class='ocrx_word' id='word_1_325' title='bbox 1907 2575 2058 2628; x_wconf 86' lang='lat' dir='ltr'>Micyllo</span> <span class='ocrx_word' id='word_1_326' title='bbox 2098 2577 2133 2614; x_wconf 91' lang='lat' dir='ltr'>ei</span> 
     </span>
     <span class='ocr_line' id='line_1_34' title="bbox 419 2642 2132 2698; baseline -0.003 -12"><span class='ocrx_word' id='word_1_327' title='bbox 419 2647 739 2698; x_wconf 77' lang='lat' dir='ltr'>significationem</span> <span class='ocrx_word' id='word_1_328' title='bbox 771 2646 884 2693; x_wconf 69' lang='lat' dir='ltr'>quod,</span> <span class='ocrx_word' id='word_1_329' title='bbox 912 2647 1095 2693; x_wconf 72' lang='lat' dir='ltr'>quoniam</span> <span class='ocrx_word' id='word_1_330' title='bbox 1126 2643 1357 2689; x_wconf 86' lang='lat' dir='ltr'>tribuamus,</span> <span class='ocrx_word' id='word_1_331' title='bbox 1391 2646 1500 2683; x_wconf 81' lang='grc'><strong>0111115</strong></span> <span class='ocrx_word' id='word_1_332' title='bbox 1533 2643 1768 2695; x_wconf 83' lang='lat' dir='ltr'>exemplum,</span> <span class='ocrx_word' id='word_1_333' title='bbox 1800 2644 1833 2682; x_wconf 92' lang='lat' dir='ltr'>si</span> <span class='ocrx_word' id='word_1_334' title='bbox 1861 2642 2132 2682; x_wconf 88' lang='lat' dir='ltr'>Lachmannus</span> 
     </span>
     <span class='ocr_line' id='line_1_35' title="bbox 419 2711 2133 2764; baseline -0.004 -10"><span class='ocrx_word' id='word_1_335' title='bbox 419 2720 525 2754; x_wconf 86' lang='lat' dir='ltr'>recte</span> <span class='ocrx_word' id='word_1_336' title='bbox 557 2714 734 2758; x_wconf 84' lang='lat' dir='ltr'>coniecit,</span> <span class='ocrx_word' id='word_1_337' title='bbox 768 2713 870 2764; x_wconf 84' lang='lat' dir='ltr'>apud</span> <span class='ocrx_word' id='word_1_338' title='bbox 903 2713 1096 2751; x_wconf 79' lang='lat' dir='ltr'>Catullum</span> <span class='ocrx_word' id='word_1_339' title='bbox 1127 2711 1316 2750; x_wconf 86' lang='lat' dir='ltr'>babemus</span> <span class='ocrx_word' id='word_1_340' title='bbox 1339 2716 1403 2756; x_wconf 81' lang='lat'>49,</span> <span class='ocrx_word' id='word_1_341' title='bbox 1428 2715 1499 2755; x_wconf 82' lang='lat'>23:</span> <span class='ocrx_word' id='word_1_342' title='bbox 1534 2718 1683 2750; x_wconf 74' lang='lat' dir='ltr'>nostros</span> <span class='ocrx_word' id='word_1_343' title='bbox 1711 2716 1753 2749; x_wconf 82' lang='lat' dir='ltr'>ul</span> <span class='ocrx_word' id='word_1_344' title='bbox 1777 2714 1903 2749; x_wconf 76' lang='lat' dir='ltr'>luctus</span> <span class='ocrx_word' id='word_1_345' title='bbox 1931 2741 1939 2748; x_wconf 92' lang='lat'><strong>.</strong></span> <span class='ocrx_word' id='word_1_346' title='bbox 1960 2741 1994 2748; x_wconf 92' lang='lat'>..</span> <span class='ocrx_word' id='word_1_347' title='bbox 2030 2711 2133 2748; x_wconf 80' lang='lat' dir='ltr'>Car-</span> 
     </span>
     <span class='ocr_line' id='line_1_36' title="bbox 420 2778 2131 2831; baseline -0.002 -11"><span class='ocrx_word' id='word_1_348' title='bbox 420 2784 535 2821; x_wconf 76' lang='lat' dir='ltr'>husus</span> <span class='ocrx_word' id='word_1_349' title='bbox 565 2782 772 2821; x_wconf 79' lang='lat' dir='ltr'>obscurata</span> <span class='ocrx_word' id='word_1_350' title='bbox 803 2782 912 2819; x_wconf 78' lang='lat' dir='ltr'>(lecet</span> <span class='ocrx_word' id='word_1_351' title='bbox 939 2780 1150 2828; x_wconf 60' lang='lat' dir='ltr'>ferrumne</span> <span class='ocrx_word' id='word_1_352' title='bbox 1179 2780 1341 2818; x_wconf 71' lang='lat' dir='ltr'>Hibera.</span> <span class='ocrx_word' id='word_1_353' title='bbox 1402 2780 1478 2818; x_wconf 78' lang='lat' dir='ltr'>Sed</span> <span class='ocrx_word' id='word_1_354' title='bbox 1509 2781 1680 2831; x_wconf 89' lang='lat' dir='ltr'>primum</span> <span class='ocrx_word' id='word_1_355' title='bbox 1717 2779 1834 2818; x_wconf 87' lang='lat' dir='ltr'>huius</span> <span class='ocrx_word' id='word_1_356' title='bbox 1865 2789 1959 2816; x_wconf 91' lang='lat' dir='ltr'>usus</span> <span class='ocrx_word' id='word_1_357' title='bbox 1989 2781 2032 2815; x_wconf 91' lang='lat' dir='ltr'>ut</span> <span class='ocrx_word' id='word_1_358' title='bbox 2062 2778 2131 2817; x_wconf 89' lang='lat' dir='ltr'>Ca-</span> 
     </span>
     <span class='ocr_line' id='line_1_37' title="bbox 420 2846 2132 2899; baseline -0.004 -10"><span class='ocrx_word' id='word_1_359' title='bbox 420 2850 625 2889; x_wconf 89' lang='lat' dir='ltr'>tullianum</span> <span class='ocrx_word' id='word_1_360' title='bbox 659 2848 883 2899; x_wconf 87' lang='lat' dir='ltr'>exemplum</span> <span class='ocrx_word' id='word_1_361' title='bbox 914 2847 1009 2886; x_wconf 87' lang='grc'><strong>1111111</strong></span> <span class='ocrx_word' id='word_1_362' title='bbox 1039 2854 1264 2899; x_wconf 84' lang='grc'><strong>51151100111111</strong></span> <span class='ocrx_word' id='word_1_363' title='bbox 1298 2852 1355 2885; x_wconf 88' lang='lat' dir='ltr'>est</span> <span class='ocrx_word' id='word_1_364' title='bbox 1385 2852 1548 2899; x_wconf 90' lang='lat' dir='ltr'>propter</span> <span class='ocrx_word' id='word_1_365' title='bbox 1570 2858 1703 2885; x_wconf 89' lang='lat' dir='ltr'>vocem</span> <span class='ocrx_word' id='word_1_366' title='bbox 1735 2846 1954 2891; x_wconf 79' lang='lat' dir='ltr'>obscurata,</span> <span class='ocrx_word' id='word_1_367' title='bbox 1987 2846 2132 2896; x_wconf 81' lang='lat' dir='ltr'>quippe</span> 
     </span>
     <span class='ocr_line' id='line_1_38' title="bbox 421 2913 2129 2970; baseline -0.004 -14"><span class='ocrx_word' id='word_1_368' title='bbox 421 2919 482 2956; x_wconf 86' lang='lat' dir='ltr'>cui</span> <span class='ocrx_word' id='word_1_369' title='bbox 520 2917 726 2970; x_wconf 89' lang='lat' dir='ltr'>participio</span> <span class='ocrx_word' id='word_1_370' title='bbox 765 2916 805 2954; x_wconf 92' lang='lat' dir='ltr'>hi</span> <span class='ocrx_word' id='word_1_371' title='bbox 841 2920 981 2967; x_wconf 87' lang='lat' dir='ltr'>poetae</span> <span class='ocrx_word' id='word_1_372' title='bbox 1013 2915 1245 2955; x_wconf 78' lang='lat' dir='ltr'>adiectivum</span> <span class='ocrx_word' id='word_1_373' title='bbox 1284 2915 1459 2954; x_wconf 85' lang='lat' dir='ltr'>eiusdem</span> <span class='ocrx_word' id='word_1_374' title='bbox 1497 2915 1767 2965; x_wconf 81' lang='lat' dir='ltr'>originationis</span> <span class='ocrx_word' id='word_1_375' title='bbox 1797 2913 2022 2964; x_wconf 78' lang='lat' dir='ltr'>praeferant</span> <span class='ocrx_word' id='word_1_376' title='bbox 2060 2913 2129 2963; x_wconf 82' lang='lat' dir='ltr'>(cs.</span> 
     </span>
     <span class='ocr_line' id='line_1_39' title="bbox 421 2980 2132 3032; baseline -0.005 -8"><span class='ocrx_word' id='word_1_377' title='bbox 421 2986 487 3024; x_wconf 86' lang='lat' dir='ltr'>Ov.</span> <span class='ocrx_word' id='word_1_378' title='bbox 527 2990 617 3024; x_wconf 88' lang='lat' dir='ltr'>met.</span> <span class='ocrx_word' id='word_1_379' title='bbox 654 2989 724 3029; x_wconf 90' lang='lat'>11,</span> <span class='ocrx_word' id='word_1_380' title='bbox 758 2988 810 3028; x_wconf 81' lang='lat'>48</span> <span class='ocrx_word' id='word_1_381' title='bbox 849 2985 1090 3031; x_wconf 76' lang='lat' dir='ltr'>obscuraque</span> <span class='ocrx_word' id='word_1_382' title='bbox 1119 2984 1289 3022; x_wconf 77' lang='lat' dir='ltr'>carbasa</span> <span class='ocrx_word' id='word_1_383' title='bbox 1315 2985 1446 3032; x_wconf 71' lang='lat' dir='ltr'>pullo:</span> <span class='ocrx_word' id='word_1_384' title='bbox 1482 2987 1527 3026; x_wconf 85' lang='lat'>5,</span> <span class='ocrx_word' id='word_1_385' title='bbox 1560 2986 1640 3024; x_wconf 89' lang='lat'>404</span> <span class='ocrx_word' id='word_1_386' title='bbox 1679 2982 1844 3020; x_wconf 76' lang='lat' dir='ltr'>obscura</span> <span class='ocrx_word' id='word_1_387' title='bbox 1874 2982 2014 3018; x_wconf 69' lang='lat' dir='ltr'>linctus</span> <span class='ocrx_word' id='word_1_388' title='bbox 2038 2980 2132 3026; x_wconf 84' lang='lat' dir='ltr'>fer-</span> 
     </span>
     <span class='ocr_line' id='line_1_40' title="bbox 419 3047 2130 3100; baseline -0.004 -9"><span class='ocrx_word' id='word_1_389' title='bbox 419 3054 561 3100; x_wconf 62' lang='lat' dir='ltr'>ruffine</span> <span class='ocrx_word' id='word_1_390' title='bbox 600 3053 795 3097; x_wconf 72' lang='lat' dir='ltr'>habenas‚·</span> <span class='ocrx_word' id='word_1_391' title='bbox 836 3052 920 3090; x_wconf 84' lang='lat' dir='ltr'>sast.</span> <span class='ocrx_word' id='word_1_392' title='bbox 956 3054 999 3095; x_wconf 85' lang='lat'>6,</span> <span class='ocrx_word' id='word_1_393' title='bbox 1034 3054 1113 3092; x_wconf 78' lang='lat'>425</span> <span class='ocrx_word' id='word_1_394' title='bbox 1150 3054 1313 3100; x_wconf 71' lang='lat' dir='ltr'>lucoque</span> <span class='ocrx_word' id='word_1_395' title='bbox 1347 3052 1534 3089; x_wconf 81' lang='lat' dir='ltr'>obscurus</span> <span class='ocrx_word' id='word_1_396' title='bbox 1574 3048 1729 3099; x_wconf 77' lang='lat' dir='ltr'>opaco),</span> <span class='ocrx_word' id='word_1_397' title='bbox 1774 3048 1826 3085; x_wconf 89' lang='lat' dir='ltr'>ita</span> <span class='ocrx_word' id='word_1_398' title='bbox 1865 3047 2046 3085; x_wconf 83' lang='lat' dir='ltr'>Ovidium</span> <span class='ocrx_word' id='word_1_399' title='bbox 2085 3059 2130 3084; x_wconf 91' lang='lat' dir='ltr'>eo</span> 
     </span>
     <span class='ocr_line' id='line_1_41' title="bbox 422 3117 2130 3170; baseline -0.004 -12"><span class='ocrx_word' id='word_1_400' title='bbox 422 3133 585 3170; x_wconf 86' lang='lat' dir='ltr'>prorsus</span> <span class='ocrx_word' id='word_1_401' title='bbox 616 3120 851 3158; x_wconf 77' lang='lat' dir='ltr'>abstinuisse</span> <span class='ocrx_word' id='word_1_402' title='bbox 881 3131 1115 3170; x_wconf 87' lang='lat' dir='ltr'>persuasum</span> <span class='ocrx_word' id='word_1_403' title='bbox 1147 3118 1291 3161; x_wconf 85' lang='lat' dir='ltr'>babeo;</span> <span class='ocrx_word' id='word_1_404' title='bbox 1331 3117 1472 3156; x_wconf 84' lang='lat' dir='ltr'>deinde</span> <span class='ocrx_word' id='word_1_405' title='bbox 1504 3117 1696 3155; x_wconf 85' lang='lat' dir='ltr'>sententia</span> <span class='ocrx_word' id='word_1_406' title='bbox 1729 3127 1806 3153; x_wconf 91' lang='lat' dir='ltr'>non</span> <span class='ocrx_word' id='word_1_407' title='bbox 1839 3120 2008 3158; x_wconf 81' lang='lat' dir='ltr'>constat,</span> <span class='ocrx_word' id='word_1_408' title='bbox 2042 3127 2130 3153; x_wconf 91' lang='lat' dir='ltr'>eum</span> 
     </span>
     <span class='ocr_line' id='line_1_42' title="bbox 422 3182 2130 3237; baseline -0.004 -12"><span class='ocrx_word' id='word_1_409' title='bbox 422 3200 500 3225; x_wconf 92' lang='lat' dir='ltr'>non</span> <span class='ocrx_word' id='word_1_410' title='bbox 541 3189 605 3231; x_wconf 89' lang='grc'><strong>115,</strong></span> <span class='ocrx_word' id='word_1_411' title='bbox 647 3188 713 3237; x_wconf 88' lang='lat' dir='ltr'>qui</span> <span class='ocrx_word' id='word_1_412' title='bbox 751 3187 855 3236; x_wconf 86' lang='lat' dir='ltr'>quod</span> <span class='ocrx_word' id='word_1_413' title='bbox 894 3185 1028 3224; x_wconf 82' lang='lat' dir='ltr'>volunt</span> <span class='ocrx_word' id='word_1_414' title='bbox 1064 3186 1147 3224; x_wconf 86' lang='lat' dir='ltr'>sine</span> <span class='ocrx_word' id='word_1_415' title='bbox 1185 3185 1371 3237; x_wconf 87' lang='lat' dir='ltr'>precibus</span> <span class='ocrx_word' id='word_1_416' title='bbox 1420 3185 1575 3234; x_wconf 85' lang='lat' dir='ltr'>assequi</span> <span class='ocrx_word' id='word_1_417' title='bbox 1610 3188 1777 3234; x_wconf 87' lang='lat' dir='ltr'>possunt</span> <span class='ocrx_word' id='word_1_418' title='bbox 1816 3182 1988 3234; x_wconf 82' lang='lat' dir='ltr'>(dixerat</span> <span class='ocrx_word' id='word_1_419' title='bbox 2027 3182 2130 3220; x_wconf 89' lang='grc'><strong>6111111</strong></span> 
     </span>
    </p>
   </div>
  </div>
 </body>
</html>
