2330 3606
393 134 474 175 318
700 139 740 174 11.
771 141 810 175 Α.
842 139 974 175 KOCH:
1007 139 1306 175 CONIECTANEA
1334 140 1377 175 IN
1404 139 1571 175 POETAS
1598 141 1794 177 LATINOS.

391 252 480 289 lz'las
511 255 625 298 alque
655 253 727 288 ae'r
755 255 791 288 el
817 252 983 289 solitudo
1009 262 1137 293 mera,
1170 263 1247 289 non
1278 249 1474 301 intellego.
1537 251 1671 302 Itaque
1703 252 1940 291 scribamus:
1979 253 2106 290 Prae—

392 326 498 357 lerea
526 320 674 356 solam
700 320 809 365 Illas,
841 321 924 356 sola
950 321 1078 357 insula
1110 324 1230 362 {olcu-
1269 319 1316 357 cs.
1350 323 1421 363 44,
1456 323 1479 360 4
1521 319 1714 358 deserlam
1745 322 1781 358 2‘72
1811 323 1894 358 sola
1922 322 2104 358 me'seram

390 398 430 424 se
456 391 595 424 cernat
623 387 798 431 latreum·
837 390 907 430 46,
943 389 995 428 20
1036 387 1186 424 deserto
1221 388 1369 434 le'qaiSle'
1403 389 1442 423 in
1480 388 1603 425 litore.
1672 388 1842 426 Eandem
1882 387 2105 438 anaphorae

391 455 553 503 liguram
584 453 700 504 paulo
731 458 820 504 post
851 457 915 498 48,
950 457 1001 495 12
1032 453 1244 493 habemus:
1286 456 1396 491 malla
1419 454 1547 502 fialae
1576 457 1703 505 ratio,
1742 458 1852 494 nulla
1883 467 1989 504 spes,
2021 466 2105 493 om-

389 523 458 559 m'a
488 526 614 569 mala,
649 522 786 560 Omma
814 526 904 559 sant
933 522 1108 571 deserat,
1139 526 1332 560 oslenlanl
1355 524 1484 560 omma
1513 524 1643 561 lesam.

444 640 498 677 49,
523 639 559 672 l:
592 638 733 672 Adnuit
753 638 888 673 invicto
909 638 1107 673 caelestum
1129 639 1280 673 numine
1302 642 1440 681 rector,

599 705 680 748 Quo
702 710 790 740 limae
812 711 847 741 et
868 707 976 741 tellas
998 710 1109 751 atque
1131 706 1289 741 horrida
1311 711 1621 742 contremuerunt

594 774 773 819 Aequora
794 775 1054 819 concussitque
1076 775 1254 809 micantia
1275 775 1402 809 sidera
1423 775 1596 810 mundas.

455 847 460 853 ⁶
500 861 569 899 Hic
599 867 690 900 lune
727 860 941 900 absurdum
980 866 1057 905 est,
1099 863 1208 911 quasi
1245 861 1319 900 alio
1358 867 1536 913 tempore
1576 862 1674 900 lovis
1713 863 1873 900 numine
1913 861 2027 900 tellus
2067 866 2104 899 et

388 940 559 979 aequora
589 942 668 968 non
700 930 1023 967 contremuerint.
1072 930 1206 979 Itaque
1238 942 1316 967 non
1347 930 1480 980 inepte
1503 931 1668 982 Heysius
1700 931 1857 980 scripsit
1884 941 1958 978 quo
1985 935 2101 979 mola,

387 999 620 1047 praesertim
659 997 935 1036 accedentibus
973 997 1190 1041 codicibus,
1226 1010 1393 1048 quorum
1426 998 1625 1036 Parisinus
1662 1003 1699 1036 el
1728 998 1889 1043 omittit,
1922 997 1951 1036 L
1987 997 2104 1036 habet

388 1065 582 1111 Quomodo
611 1070 702 1103 ncne
732 1067 854 1104 tellas.
905 1065 981 1103 Sed
1014 1065 1228 1115 elegantius
1262 1067 1377 1104 etiam
1409 1065 1627 1104 scribemus
1653 1066 1732 1111 Ouo
1763 1071 1899 1110 nata,
1932 1070 1975 1103 ut
1997 1064 2103 1103 verbi

387 1133 592 1182 originatio
625 1138 822 1176 servetur,
858 1134 904 1171 cf.
940 1134 1052 1183 Verg.
1086 1134 1180 1172 Aen.
1215 1137 1252 1178 9,
1288 1136 1366 1176 106
1398 1135 1539 1172 adma'c
1563 1139 1599 1172 et
1627 1139 1741 1171 lolam
1766 1140 1861 1171 nata
1889 1133 2106 1179 tremefecit

389 1201 591 1249 Olympum
600 1215 614 1245 ,·
635 1204 671 1245 S,
695 1204 775 1243 239
798 1201 890 1239 inde
909 1207 1067 1250 repenle
1087 1201 1260 1250 ImpaM,
1284 1203 1453 1250 impulsu
1475 1213 1549 1250 qao
1569 1203 1765 1240 maximus
1786 1203 1935 1240 attonat
1954 1201 2101 1239 aether.

441 1318 495 1357 50,
518 1320 557 1352 2:
592 1316 833 1362 Candidaque
854 1317 986 1353 intorti
1004 1318 1203 1353 sustollant
1224 1318 1303 1352 vela
1326 1319 1517 1360 rudentes,

594 1384 716 1428 Quam
733 1386 901 1430 primam
922 1395 1083 1421 cernens
1104 1389 1144 1420 at
1165 1386 1264 1420 laeta
1284 1387 1425 1432 yaaclz'a
1447 1391 1566 1421 mente

593 1454 817 1500 Agnoscam,
839 1464 923 1489 cam
946 1458 979 1489 te
1001 1455 1177 1489 reducem
1200 1458 1306 1489 aetas
1322 1464 1517 1500 prospera
1538 1456 1652 1489 sistel.

496 1541 539 1579 In
580 1542 775 1592 scriptura
820 1553 935 1591 quam
975 1542 1004 1580 D
1043 1541 1179 1580 habet:
1228 1553 1326 1580 aera
1368 1553 1565 1590 prospera
1611 1541 1733 1580 latere
1779 1541 1931 1580 videtur
1973 1553 2064 1579 ,star
2076 1552 2100 1578 a

377 1620 595 1658 prospera,
630 1609 734 1659 quod
767 1609 813 1648 ad
844 1611 1134 1660 navigationem
1167 1610 1465 1649 describendam
1497 1609 1620 1648 multo
1653 1609 1982 1648 accommodatius
2015 1621 2100 1648 esse

384 1688 499 1726 quam
521 1682 630 1715 aetas
651 1689 728 1715 non
760 1677 987 1727 negabitur,
1020 1682 1296 1728 praeterquam
1330 1677 1434 1729 quod
1455 1690 1589 1716 vocem
1612 1683 1738 1725 (telas,
1771 1690 1846 1728 qua
1878 1678 1994 1716 certis
2015 1677 2100 1715 fini-

384 1744 456 1783 bus
501 1746 798 1796 eircumscripta
836 1746 944 1783 notio
984 1746 1229 1790 continetur,
1277 1759 1365 1784 cum
1405 1747 1488 1783 eius
1526 1745 1631 1784 modi
1678 1745 1864 1785 adiectivo
1896 1745 2009 1796 quale
2042 1750 2101 1784 est

378 1824 548 1862 prosper
577 1825 790 1864 numquam
823 1814 1070 1852 coniunctam
1092 1825 1155 1851 me
1176 1812 1309 1864 legere
1336 1814 1508 1852 memini.
1559 1813 1613 1852 Cf.
1640 1816 1711 1859 63,
1746 1818 1796 1856 15
1834 1815 1958 1852 lenias
1988 1815 2101 1863 aspi-

382 1893 479 1919 rans
509 1892 612 1919 aura
643 1882 819 1920 seezmda
850 1883 963 1929 venit,
997 1886 1035 1919 et
1066 1881 1133 1920 Ov.
1169 1894 1255 1932 epp.
1292 1894 1337 1920 ex
1362 1882 1487 1921 Ponto
1519 1885 1564 1926 4,
1600 1884 1670 1925 12,
1704 1884 1755 1923 42
1793 1881 1909 1929 effice
1938 1911 1946 1919 .
1976 1912 1984 1919 .
2012 1912 2020 1920 .
2052 1894 2100 1920 ne

381 1955 541 1999 sperata
572 1960 697 1987 meam
727 1950 884 1988 deseral
907 1961 1017 1987 aura.
1040 1955 1163 1988 ratem
1174 1964 1188 1994 ‚·
1221 1950 1347 2000 epistt.
1373 1955 1436 1994 15,
1470 1952 1551 1992 214
1582 1960 1686 1988 aura
1717 1950 1827 1988 dabit
1853 1961 2030 1998 cursam,
2061 1955 2100 1988 ta

382 2018 495 2055 modo
531 2019 633 2055 solve
673 2022 823 2062 ralem‚·
863 2018 962 2055 trist.
1006 2022 1051 2062 5,
1088 2020 1159 2061 12,
1195 2021 1246 2059 10
1295 2019 1387 2056 {lam
1423 2020 1508 2056 {alil
1552 2022 1745 2056 amenitas
1785 2029 1888 2056 αηνα
1924 2019 2098 2056 secunda

381 2097 509 2130 meas‚·
539 2085 633 2123 artis
665 2097 737 2124 am.
773 2088 810 2130 3,
834 2088 914 2128 693
946 2097 1049 2123 [tara
1076 2086 1236 2124 salubri.
1283 2085 1338 2124 De
1359 2085 1468 2124 brevi
1490 2084 1635 2137 syllaba
1665 2085 1857 2137 producta
1888 2086 1935 2124 cs.
1959 2085 2096 2124 Lucia-

382 2165 456 2191 nus
478 2152 640 2192 Mueller
672 2153 720 2191 de
749 2165 794 2192 re
824 2159 937 2192 metr.
970 2166 1008 2204 p.
1042 2153 1083 2191 L.
1118 2166 1154 2205 p.
1190 2156 1283 2196 320.

437 2272 491 2308 55,
517 2271 575 2303 17;
607 2269 750 2316 Iynaro
772 2274 893 2305 mater
914 2270 1156 2305 substernens
1176 2279 1216 2305 se
1237 2270 1352 2315 impia
1374 2274 1461 2305 nato

611 2336 734 2382 Impia
757 2348 830 2372 mm
852 2339 971 2373 verita
993 2342 1048 2373 est
1069 2338 1172 2373 divos
1192 2338 1383 2373 scelerare
1401 2341 1595 2384 parentes.

495 2423 683 2463 Parentes
714 2425 807 2463 deos
846 2437 922 2475 quo
952 2425 1068 2464 modo
1096 2438 1183 2464 cum
1209 2425 1407 2475 Scaligero
1438 2425 1667 2476 intellegere
1692 2425 1806 2464 liceat
1825 2425 1919 2464 deos
1949 2427 2096 2477 patrios

383 2504 470 2529 cum
509 2504 587 2529 non
625 2493 747 2542 magis
784 2495 1020 2544 perspiciam
1059 2505 1174 2543 quam
1213 2505 1403 2544 quosnam
1441 2493 1606 2545 Ileysius
1643 2494 1967 2544 interpretatione
2004 2506 2094 2545 per—

382 2572 498 2610 quam
537 2561 633 2597 mira
674 2560 757 2597 edie
798 2560 995 2599 sittliclien
1026 2561 1150 2599 Hiiter
1191 2560 1260 2598 der
1291 2561 1501 2611 Zeugung’
1540 2561 1786 2606 indicaverit,
1828 2574 1916 2600 cum
1948 2560 2095 2610 Silligio

383 2627 427 2665 :id
452 2626 663 2665 multarum
686 2627 899 2666 editionum
921 2628 1131 2667 lectionem
1148 2633 1353 2676 penales
1374 2628 1619 2667 redeundum
1643 2641 1728 2667 esse
1749 2630 2095 2680 persuasissimum

383 2694 517 2733 liabeo.
580 2695 745 2733 Penates
776 2696 923 2734 nefaria
955 2697 1090 2734 matris
1127 2695 1287 2734 libidine
1319 2697 1577 2735 contaminari
1615 2696 1751 2735 eodem
1788 2698 1874 2736 iure
1913 2696 2095 2735 dicuntur

383 2767 498 2814 atque
521 2765 592 2807 60,
617 2765 669 2803 20
700 2762 885 2812 legimus:
918 2764 989 2801 secl
1007 2768 1127 2811 paler
1158 2766 1260 2803 illias
1283 2767 1400 2812 ynale'
1429 2767 1589 2804 violasse
1618 2766 1742 2803 cubile
1771 2765 1924 2803 Dicitur
1953 2769 1990 2803 el
2017 2766 2094 2802 mi—

381 2842 511 2869 seram
538 2833 824 2869 conscelerasse
851 2831 1018 2869 domum.
1088 2831 1156 2869 Dei
1187 2836 1369 2882 penates,
1411 2844 1578 2882 quorum
1616 2832 1893 2872 vocabulorum
1936 2831 2091 2883 copula-

382 2899 529 2937 tionem
561 2911 581 2937 a
613 2898 800 2937 Cicerone
832 2899 1058 2949 saepissime
1090 2898 1301 2938 adhibitam
1331 2906 1471 2951 poetae
1501 2901 1585 2940 fere
1614 2913 1710 2952 prae
1740 2899 1906 2951 simplici
1931 2907 2094 2948 penales

384 2967 522 3010 vitant,
564 2967 815 3004 inveniuntur
846 2966 937 3004 Hor.
973 2970 1041 3004 sat.
1076 2970 1123 3011 2,
1157 2971 1203 3011 3,
1238 2970 1318 3010 176
1351 2980 1428 3017 per
1466 2969 1574 3007 divos
1606 2974 1740 3006 Orams
1775 2972 1937 3015 uterque
1960 2979 2093 3016 pena-

384 3040 458 3079 les,·
490 3047 577 3085 epp.
613 3039 655 3078 1,
689 3038 762 3078 07,
795 3038 819 3076 4
855 3045 929 3083 per
961 3036 1119 3081 aenium
1151 3036 1410 3085 deoelramqae
1438 3037 1604 3085 deosque
1627 3040 1813 3085 penates,·
1850 3035 1963 3084 vei-g.
1996 3036 2088 3075 Aen.

384 3104 428 3144 3,
463 3106 511 3142 11
552 3112 639 3140 cam
677 3104 780 3140 socio
812 3107 979 3150 namque
1005 3103 1212 3150 penalibus
1247 3109 1284 3141 cl
1319 3106 1473 3152 maqm‘s
1509 3105 1581 3144 dis.
1642 3103 1825 3143 Ceterum
1849 3109 2016 3151 penates
2046 3115 2091 3141 eo

384 3168 533 3207 facilius
564 3170 603 3208 in
631 3177 817 3219 parentes
848 3170 992 3210 mutari
1021 3171 1165 3222 potuit,
1200 3172 1303 3220 quod
1335 3184 1471 3211 versus
1493 3177 1545 3215 14
1577 3171 1714 3210 eodem
1735 3170 1922 3210 vocabulo
1944 3171 2088 3210 finitur.
